3578 5390
737 454 958 514 ,.Ιῇ-

371 650 412 714 m
436 649 547 714 neseio
571 669 613 712 an
639 669 755 713 versus
779 647 975 714 naa-527:

264 767 318 826 λ’ν.
345 759 427 836 θεὸς
452 759 520 824 δ’ἐκ
544 759 638 846 ἀσκῷ
661 761 733 836 ποῖς
755 762 872 845 γέγηθ’
895 760 1001 836 οἴκους
1025 758 1123 843 ἰχων,·

263 869 328 932 Ὀδ.
365 862 450 932 ὅπου
475 869 557 964 τιθῇ
580 889 627 938 τις
651 867 772 931 ἐνθάδ’
798 865 888 932 ἐστιν
911 859 1059 952 οιῖπετής.

264 982 318 1041 λὀ.
354 977 390 1041 οὐ
413 975 488 1052 τούς
511 973 610 1052 θεοὺς
633 977 714 1060 χρῆν
738 977 818 1057 σῶμ’
844 971 930 1058 ἔχειν
953 974 989 1040 ἐν
1013 973 1170 1061 δίρμασιν

263 1101 339 1145 cum
377 1080 493 1165 primis
530 1079 625 1143 mimi
660 1079 770 1144 verbis
806 1101 999 1164 comparare
1035 1079 1202 1164 possimus
1238 1079 1435 1143 scurrilitate

263 1189 371 1270 magis
411 1209 512 1271 quam
551 1206 673 1270 genere
711 1186 923 1250 distantibus,
987 1186 1141 1271 Denique
1180 1185 1434 1250 similitudinem

263 1296 383 1359 afferre
418 1295 514 1359 lineat
538 1315 597 1379 per
621 1315 655 1358 se
679 1294 850 1358 incertam.
907 1293 1110 1378 Quicunque
1134 1293 1286 1357 coneedit
1317 1314 1371 1356 me
1394 1292 1435 1356 de

265 1402 359 1466 mimi
383 1403 521 1486 prologo
545 1403 610 1486 (pg.
639 1401 690 1486 16)
726 1408 758 1465 et
792 1401 957 1466 derebus
993 1402 1153 1466 scaenicis
1189 1402 1255 1485 (pg.
1284 1401 1335 1483 18)
1364 1421 1436 1484 pro-

265 1509 418 1572 babiliter
452 1508 657 1586 disseruisse,
683 1508 713 1571 ei
737 1507 891 1593 Cyclopis
916 1508 1044 1593 prologi
1071 1509 1105 1572 iu
1142 1514 1289 1571 mentem
1315 1507 1435 1572 veniet.

264 1615 315 1679 lbi
339 1616 428 1680 enim
455 1615 604 1680 Silenum
631 1615 795 1699 querellas
831 1616 1010 1679 facientem
1043 1615 1210 1692 audimus,
1243 1615 1332 1698 quod
1359 1636 1435 1678 cum

264 1723 384 1806 satyris
408 1722 449 1786 ad
476 1723 618 1786 Aetnam
644 1729 840 1806 tempestate
864 1722 994 1787 delatus
1011 1722 1053 1787 sit

354 1851 385 1894 v.
404 1832 439 1893 21
469 1835 508 1897 ἵν’
534 1837 562 1896 ol
586 1836 738 1917 μονῶπες
762 1843 895 1898 ποντίου
919 1834 1034 1906 παῖδες
1058 1838 1145 1897 θεοῦ

479 1939 657 2017 Κύκλωπος
680 1944 795 2006 οἰκοῢσ1
814 1934 904 2027 ἄντρ’
928 1938 1017 2027 τ’·’ρρμ’
1041 1936 1255 2027 ἀνδροκτόνοι

266 2045 354 2108 etin
380 2065 479 2109 versu
504 2046 546 2109 85
570 2044 658 2109 idem
684 2045 866 2109 exclamat:

426 2155 492 2239 ὁρῶ
514 2149 595 2240 πρὸς
619 2153 733 2226 ἀκταῖς
758 2151 837 2226 ναδς
858 2151 1013 2232 Ἑλλάδος
1038 2155 1167 2240 σκάφος.

373 2258 437 2322 His
462 2259 639 2343 propositis
672 2280 772 2322 nemo
796 2259 863 2322 ianr
892 2267 991 2342 neget
1015 2260 1140 2345 optime
1165 2260 1233 2322 lieri
1259 2280 1366 2343 posse,
1404 2266 1439 2321 ut

266 2388 306 2430 ex
331 2366 383 2429 nis
407 2388 542 2450 quoque
566 2366 691 2429 fabulis
717 2366 815 2430 modo
840 2368 987 2431 tractatis
1003 2368 1192 2450 argumenti
1217 2388 1293 2452 pars
1318 2367 1438 2429 hausta

267 2474 316 2536 sit.
366 2473 428 2536 Sed
448 2474 514 2536 iam
532 2473 573 2536 ad
592 2474 734 2537 mimum
757 2474 868 2558 ipsum
886 2474 1173 2559 interpretandum
1192 2474 1437 2556 aggrediamur.

729 3488 870 3591 Caput
898 3491 979 3571 lll.

700 3683 1006 3754 Inter-premio.

375 3791 445 3854 lam
471 3792 618 3856 vidimus
643 3793 818 3857 exordium
843 3816 914 3858 esse
938 3795 1111 3872 amissum,
1148 3795 1239 3878 quod
1272 3816 1371 3878 quem
1398 3794 1440 3857 ad

269 3897 405 3992 modum
423 3899 555 3962 initium
574 3921 691 3984 capere
709 3901 811 3985 possit
827 3902 899 3965 loeo
915 3925 956 3965 ex
971 3902 1153 3966 Heliodoro
1179 3903 1244 3987 (pg.
1270 3904 1334 3966 323
1347 3917 1374 3952 ³⁰
1388 3902 1441 3984 ssa)

267 4003 387 4067 liaustu
425 4006 600 4069 eornmode
638 4007 803 4071 illustrare
854 4031 1042 4094 possumus,
1105 4003 1141 4075 Ὦ
1176 4008 1284 4097 πάσης
1321 4017 1443 4097 τροπῆς

266 4110 452 4196 ἀνάμεστον
469 4126 524 4179 καὶ
541 4115 844 4202 ἀσταθμητότατον
859 4117 957 4203 τύχης
976 4119 1194 4206 ἀνθρωπίνης
1206 4132 1325 4203 κίνρμα
1342 4138 1347 4148 ’
1363 4115 1442 4200 ὅσην

266 4222 464 4308 παλίρροιαν
487 4229 599 4287 κακοῖν
623 4221 683 4290 ἓπί
703 4221 845 4290 τ’άλλοιν
870 4223 908 4309 δὴ
934 4228 1066 4292 πολλῶν
1091 4223 1248 4303 πολλάκις
1282 4237 1338 4291 καὶ
1369 4231 1440 4288 κατ’

266 4327 348 4411 ἐμοῦ
373 4330 631 4413 ποριλοτίμησαι·
667 4341 820 4412 γίνονς
844 4340 925 4416 μὲν
954 4345 1029 4399 καὶ
1057 4340 1203 4410 οἰκίας
1233 4332 1441 4419 πατρῴας

267 4431 520 4521 ἷστίρησας.
571 4440 789 4523 πατρίδος
835 4441 881 4505 δὲ
927 4453 994 4506 καὶ
1039 4439 1207 4521 πόλεως
1247 4452 1320 4507 καὶ
1360 4437 1442 4504 τοῖν

267 4543 493 4623 φιλτάτων
539 4543 761 4622 ἕξίνοοσας
817 4553 1047 4637 Αἰγυπτίᾳ
1084 4576 1133 4632 με
1172 4548 1295 4645 νῇ..
1341 4573 1442 4633 προ-

268 4649 498 4728 σοίκοιλας
529 4657 588 4712 ete.
619 4657 650 4713 rt
677 4649 824 4715 Oliaritio
850 4654 1098 4736 quaerimonias
1124 4655 1268 4719 habente
1294 4658 1441 4720 rindiros
