3578 5390
816 433 1035 496 „26-

340 624 370 689 V
395 625 415 689 2
443 629 505 689 114
529 626 647 712 avarae
670 631 780 711 λέγεις.
838 627 902 692 Sed
934 628 966 692 id
991 650 1126 713 quoque
1151 628 1221 693 fieri
1247 635 1363 712 potest,
1389 635 1426 692 ut
1449 634 1514 692 stu-

340 733 439 816 pidus
466 733 684 798 barbarorum
711 735 821 800 verbis
847 735 978 818 magnis
1003 758 1079 800 cnm
1097 735 1245 818 gestibus
1270 735 1514 799 saltationibus-

340 861 405 924 que
439 841 575 924 prolatis
609 844 801 926 perterritus
836 845 999 907 exclamet
1032 837 1065 914 οἶ,
1095 845 1138 929 μή
1165 843 1298 930 αἰμΙίον,
1324 840 1513 917 παύσασθε,

339 961 374 1013 τί
387 966 519 1015 ποιεῖτε.
568 949 653 1012 Nam
672 951 705 1013 in
724 951 942 1034 sequentibus
960 973 1095 1035 quoque
1121 951 1282 1027 versibus,
1308 950 1393 1014 actio
1411 970 1514 1033 quan-

339 1061 454 1138 topere
479 1056 548 1119 fieri
574 1064 682 1141 potest
706 1058 829 1138 agitata
854 1057 1030 1121 statuenda
1056 1066 1114 1122 est.
1163 1057 1336 1121 Postremo
1360 1056 1515 1140 (to-80)

339 1162 494 1246 stupidus
519 1185 655 1248 quoque
679 1165 780 1228 verba
806 1186 905 1229 sensu
936 1165 1080 1229 carentia
1107 1166 1242 1249 profert,
1269 1165 1392 1248 quibus
1426 1185 1514 1247 spec-

339 1275 485 1332 tatorum
519 1271 650 1334 animos
688 1293 810 1354 magno
846 1271 969 1353 gaudio
1005 1294 1081 1335 eum
1118 1272 1270 1336 affecisse
1305 1270 1514 1342 crediderim,

340 1397 424 1460 quos
449 1376 489 1439 ad
516 1399 632 1441 versus
660 1379 809 1441 Britanni
840 1379 1016 1456 adnotant;
1049 1379 1088 1460 If
1116 1379 1164 1442 tim
1192 1379 1381 1442 attribution
1413 1377 1451 1461 of
1473 1381 1516 1440 75

339 1483 407 1545 und
445 1489 579 1548 79—80
618 1490 646 1548 to
684 1485 717 1548 B
752 1487 780 1548 is
814 1498 937 1567 correct,
973 1487 1010 1550 lte
1043 1509 1117 1568 nacp
1154 1486 1189 1546 bn
1226 1485 1383 1566 supposed
1418 1490 1445 1546 to
1480 1484 1516 1546 bc

342 1591 542 1654 errriroldenrd
570 1592 608 1673 hp
640 1593 689 1655 tire
713 1593 918 1675 eoaa'iaiuiitp
950 1593 988 1676 os
1015 1594 1064 1656 tiro
1095 1593 1290 1656 bardanicus
1321 1597 1349 1655 to
1382 1591 1516 1654 culdrrss

342 1695 421 1759 tireno
460 1699 495 1761 τίι
534 1720 554 1760 u
597 1699 809 1781 rneoninpiesa
841 1701 962 1783 jorpon
1003 1701 1152 1764 intended
1195 1705 1223 1762 to
1266 1700 1391 1762 r'nritate
1435 1697 1516 1760 idcir

346 1802 519 1886 irraprmpe?
584 1804 737 1868 Ceterum
763 1807 830 1868 iam
855 1827 1081 1871 commemoro
1112 1807 1213 1870 semel
1250 1827 1303 1869 me
1339 1826 1454 1870 vocem
1480 1805 1513 1867 in

344 1937 419 1994 οομι
454 1911 661 1975 desinentem
698 1913 866 1977 invenisse
890 1915 932 1976 ct'.
971 1914 1095 1976 notices
1127 1921 1157 1976 et
1192 1913 1328 1976 extruits
1361 1934 1414 1996 pg.
1450 1913 1514 1974 23⁴2

347 2024 525 2104 ‘r'aponpa

449 2179 487 2243 In
524 2181 676 2246 versibus
712 2181 858 2266 denique
890 2185 1020 2247 83-89
1045 2182 1144 2245 deum
1184 2181 1234 2245 vel
1270 2178 1366 2244 deam
1403 2179 1514 2243 vocari

337 2264 402 2350 'etsi
420 2288 599 2352 verisimile
617 2296 675 2364 est,
702 2296 814 2352 tamen
840 2289 949 2352 Crusii
973 2289 1199 2355 rrrevrzveni
1226 2290 1278 2372 (ct.
1307 2287 1411 2350 Plaut.
1438 2286 1513 2349 Ani.

342 2395 408 2458 394
433 2395 561 2480 Apollo,
586 2417 721 2481 quaese,
746 2395 900 2479 subveni)
925 2418 991 2459 non
1018 2397 1097 2460 satis
1121 2397 1290 2459 firmatum
1328 2415 1399 2458 esse
1432 2392 1514 2456 mihi

342 2500 482 2566 videtur.
524 2487 641 2587 Neque
667 2503 773 2584 magis
798 2503 885 2566 idem
914 2503 995 2565 mihi
1021 2502 1199 2586 persuadet
1231 2502 1347 2565 litteris
1371 2527 1515 2588 οιρειμαν

342 2609 383 2672 86
418 2602 633 2697 Ἀρειμάνιον,
659 2610 758 2673 deum
796 2609 984 2687 Persarum,
1011 2609 1200 2692 significari,
1226 2631 1300 2672 cum
1320 2630 1337 2670 e
1354 2615 1514 2691 sequente

341 2737 439 2779 versu
466 2737 706 2799 cognoscamus
724 2717 786 2780 boc
814 2717 885 2782 ioco
909 2716 1006 2780 deam
1032 2716 1162 2780 Lunam
1203 2716 1273 2780 coli.
1326 2712 1514 2778 Hultasclrii

340 2829 452 2886 autem
479 2823 552 2899 ,den
580 2824 705 2887 Becher
722 2832 876 2906 getrennt
893 2845 1094 2906 genommen
1122 2823 1189 2886 und
1216 2822 1356 2886 bedeekt
1380 2820 1513 2884 habend

341 2929 447 2993 werde
483 2930 536 2994 ich
570 2930 666 2994 Wein
692 2937 846 3012 getrennt
871 2930 1027 2993 nehmen‘
1061 2930 1205 3014 recipere
1230 2951 1296 2992 non
1323 2949 1512 3012 possumne,

341 3036 402 3099 nisi
440 3037 673 3121 mimographo
709 3045 821 3100 nostro
846 3058 944 3100 omne
970 3037 1143 3118 ingenium
1169 3035 1411 3099 abiudicamus¹

448 3180 694 3264 Reputantibus
708 3165 808 3262 igitur
822 3181 971 3262 linguam
991 3180 1167 3243 barbaram
1186 3179 1368 3242 maximam
1384 3185 1512 3262 partem

338 3287 513 3351 obscuram
540 3288 687 3350 relictam
713 3309 783 3351 csse
809 3288 904 3350 nobis
928 3287 1156 3350 confitendum
1182 3294 1277 3349 estet
1302 3286 1381 3348 satis
1407 3285 1513 3349 babeo

338 3393 585 3458 demonstrasse
625 3395 672 3458 eis
712 3394 821 3468 rebus,
862 3415 946 3477 quas
986 3393 1203 3456 Hultzschius
1243 3401 1275 3456 ct
1310 3392 1448 3456 Crusins
1482 3401 1513 3455 et

339 3501 510 3565 Winterus
535 3501 728 3576 attulerunt,
754 3501 1060 3585 interpretationem
1087 3522 1154 3563 non
1179 3499 1367 3584 procedere.

445 3663 588 3727 Versum
615 3664 657 3727 99
682 3662 910 3726 Sudhausinm
945 3661 974 3745 (l.
1001 3684 1027 3725 c.
1053 3683 1084 3746 p.
1111 3663 1187 3746 265)
1220 3669 1306 3726 recte
1332 3661 1512 3725 restituisse

338 3778 509 3854 procerte
545 3771 614 3833 fere
639 3769 832 3833 babendum
871 3777 919 3832 est
955 3771 1007 3850 (ct.
1035 3769 1170 3832 Sueton.
1197 3768 1312 3833 Octav.
1339 3771 1390 3843 99,
1425 3790 1510 3831 com.

335 3879 400 3941 An.
426 3880 489 3961 frg.
522 3877 579 3954 III,
617 3899 648 3960 p.
675 3880 740 3940 ote
773 3875 892 3962 (Koek)
928 3879 1003 3943 δότε
1038 3875 1155 3963 κρότον
1189 3883 1220 3939 et
1245 3876 1355 3959 Copae
1392 3898 1422 3939 v.
1459 3878 1510 3956 4);

332 3986 446 4053 Ἰνδῶν
471 3989 506 4052 δὲ
533 3984 652 4072 πρόμοι
678 3986 759 4066 πρός
784 3982 958 4071 Ιερόθρονν
982 3985 1054 4050 ὄόιε
1075 3986 1200 4071 [κρότον
1225 3985 1337 4050 octav.
1367 3982 1510 4060 Accedi,

335 4093 424 4178 quod
450 4088 485 4156 in
511 4092 676 4155 similibus
694 4091 935 4167 occasionibus,
954 4089 1043 4174 qnod
1061 4111 1141 4153 voce
1166 4089 1280 4173 κρότος
1304 4090 1511 4172 significatur

334 4221 512 4284 nunquam
551 4201 620 4263 fere
657 4220 722 4261 non
761 4205 1052 4272 commemoratur,
1089 4203 1125 4259 ut
1160 4197 1313 4280 exempla
1349 4197 1508 4260 afferam:

332 4307 464 4370 Helicd.
490 4309 604 4372 ‘Z'll251
639 4302 674 4371 tO
698 4313 759 4388 μὲν
790 4298 849 4373 οὖν
873 4301 970 4390 {iprae
994 4304 1135 4402 τῇόέπῃ
1162 4316 1325 4371 συνέκειτο
1360 4306 1511 4370 καθόσον

332 4413 395 4499 axo
431 4412 714 4502 διαμνημονεύειν.
767 4420 929 4479 Τοσοῦτον
954 4413 993 4477 δι’
1016 4439 1046 4476 τι
1082 4413 1256 4497 ἐμμελείας
1293 4411 1409 4498 περιῆν
1444 4428 1509 4488 τοῖς

331 4538 434 4607 χοροῖς
458 4534 514 4588 καὶ
538 4518 620 4590 οὗτοι
638 4524 831 4602 συμβαίνοντ’
856 4515 873 4584 ό
897 4516 1052 4605 κρότος
1077 4527 1153 4586 τοῦ
1177 4516 1377 4602 βήματος
1401 4516 1511 4606 πρὸς

332 4629 375 4704 τό
408 4643 460 4718 μέ
468 4633 539 4708 λος
564 4631 880 4717 ἔρρυθμόζετο.
908 4625 1204 4700 1912713889.
1232 4627 1287 4688 Ar.
1313 4645 1383 4687 ran.
1413 4626 1508 4689 1029.-
