3578 5390
800 379 1037 444 ——3Offl¹

325 575 529 658 uecordinpip
564 577 739 640 irtlrreenes
769 575 844 639 tritt
878 576 926 638 nr
956 577 1046 640 reord
1075 575 1247 640 ‘alemaka'
1278 575 1366 663 (205)
1397 576 1500 642 retich

325 683 355 744 r's
386 683 532 762 repeated
570 683 609 765 σοι
634 684 683 746 tha
720 689 785 747 rest
821 683 889 746 aad
927 684 1116 766 apparrnttp
1157 685 1216 747 tus
1256 685 1304 748 tte
1343 683 1430 766 effect
1467 683 1505 766 of

326 790 482 871 restoring
502 796 607 870 ροσονί
642 789 680 853 G.
707 789 751 853 H.
778 811 832 874 pg.
857 792 910 854 53.
968 790 1089 854 Addita
1121 791 1261 876 quoque
1281 799 1360 854 sunt
1385 811 1500 855 versus

330 897 482 959 193--95
513 903 544 958 et
576 897 729 962 213-15
753 897 811 960 ubi
838 901 863 976 ζ,
900 897 956 982 qui
983 898 1145 961 nonnulla
1170 898 1271 964 verba
1297 897 1422 982 stupidi
1446 898 1500 980 (ci.

328 1003 390 1066 217
417 1024 466 1086 sq.
500 1023 576 1066 cum
606 1004 649 1066 42
674 1006 735 1087 sq.)
770 1025 808 1067 ac
832 1005 945 1068 fratris
968 1012 1079 1088 partes
1104 1005 1241 1068 omnino
1277 1005 1423 1090 suscepit
1446 1005 1499 1084 (ct.

328 1111 392 1174 213
417 1131 466 1194 sq.
492 1131 568 1173 curn
593 1113 646 1185 41,
672 1112 736 1175 228
759 1133 835 1175 cum
861 1113 913 1190 50,
939 1114 1004 1176 ⁵230
1027 1133 1104 1176 cnm
1129 1114 1171 1177 56
1189 1114 1239 1198 sq)
1263 1111 1501 1197 proficiscitur,

328 1227 365 1282 ut
389 1238 509 1282 navem
535 1217 577 1282 ad
602 1218 679 1281 litus
709 1219 863 1302 epipellat
896 1215 1116 1304 reversusque
1140 1219 1324 1284 secundum
1362 1227 1501 1284 ventum

329 1331 438 1388 ortum
464 1346 535 1389 esse
560 1325 713 1388 nuntiat‘

437 1432 565 1496 Deinde
589 1432 624 1495 in
649 1433 751 1496 altera
776 1441 868 1518 parte
893 1433 1078 1498 Charitium
1111 1434 1212 1498 etiam
1236 1434 1397 1497 maiorem
1433 1453 1502 1516 gra-

330 1540 466 1604 vitatem
493 1561 572 1623 prae
606 1561 641 1603 se
665 1541 729 1603 fert
753 1543 806 1626 (ei.
837 1542 897 1605 190
920 1543 1056 1626 μιγιίλοι
1081 1549 1109 1608 οἱ
1134 1547 1212 1607 drot
1232 1548 1264 1605 et
1291 1541 1352 1604 192
1377 1548 1503 1608 παῦσαι

331 1649 493 1732 ἄνθρωπε
517 1655 548 1710 et
565 1649 629 1710 226
646 1649 714 1714 ‘nid‘
731 1650 863 1714 ἐκείνων
887 1662 1000 1737 χρείαν
1024 1649 1098 1729 ἔχω,
1122 1647 1238 1733 piatur
1260 1649 1295 1715 zo*
1314 1649 1504 1736 πρόσω]πον

331 1760 388 1822 τοῦ
412 1756 538 1843 πατρός
553 1753 765 1836 θεάσασθαι
781 1757 916 1839 γένοιτο)
941 1777 1050 1840 neque
1075 1756 1156 1839 ipsa,
1183 1755 1277 1818 utin
1302 1755 1411 1838 priore
1435 1775 1504 1818 ver·
1609 1807 1612 1813 .

332 1862 424 1926 sione
438 1861 511 1946 (50),
531 1868 580 1924 est
593 1870 708 1927 auctor
721 1863 799 1926 vino
814 1862 972 1926 barbaros
988 1863 1159 1938 onerandi,
1177 1862 1234 1926 sed
1253 1863 1337 1925 alius
1355 1860 1503 1945 quidam,

332 1990 399 2053 qua
424 1969 609 2032 mutatione
634 1969 753 2054 prioris
778 1970 921 2033 auctoris
946 1970 1066 2034 vitium
1092 1977 1275 2033 correctum
1310 1989 1381 2032 esse
1405 1988 1505 2030 nemo

334 2076 480 2158 negabit,
507 2097 583 2139 cum
609 2077 785 2140 consilinm
812 2076 893 2140 illud
918 2078 1011 2141 nullo
1035 2076 1135 2140 modo
1167 2076 1209 2140 ad
1234 2075 1506 2140 Charitii·1nores

333 2182 483 2267 quadret.
979 2245 980 2248 ,

439 2289 525 2354 Turn
552 2291 633 2354 alter
658 2291 911 2376 mimographus
949 2291 1083 2355 vitiosos
1119 2290 1192 2355 illos
1226 2311 1342 2355 versus
1373 2289 1505 2352 46-47

334 2398 414 2481 (πῶς
437 2396 500 2480 γάρ
525 2397 726 2466 ὑπακούουσι
749 2417 821 2478 ταῖς
837 2399 949 2484 εὐχαῖς
973 2413 1113 2488 πονηρίᾳ
1137 2400 1196 2466 τὸν
1220 2398 1312 2466 ἔλεον
1335 2399 1508 2484 μέλλοντος

334 2507 609 2593 fredernaicum
622 2505 640 2589 ;)
669 2506 861 2569 emendavit
894 2507 1047 2569 222-23
1078 2511 1150 2584 πῶς
1180 2502 1243 2595 γοῖρ
1267 2501 1509 2573 damnaticiorum

335 2613 457 2694 atitroir
480 2620 546 2678 wir
570 2614 721 2703 aorpiptpc
745 2614 803 2680 τὸν
827 2613 918 2681 iteca
941 2614 1208 2698 daconorpievarvt
1246 2619 1277 2675 et
1305 2632 1365 2697 pro
1389 2609 1508 2673 humili

336 2720 391 2783 illo
416 2719 579 2784 vocabulo
602 2723 756 2804 μαλῶσαι
774 2720 838 2805 (43)
863 2741 943 2783 usus
961 2728 1009 2783 est
1025 2718 1187 2784 vocabulo
1205 2721 1387 2799 βαστάζειν
1411 2718 1508 2802 (218).

446 2827 598 2910 Denique
623 2827 725 2890 semel
756 2848 872 2891 versus
897 2827 930 2889 in
956 2827 1065 2910 priore
1099 2827 1251 2890 versione
1275 2832 1443 2890 exstantes
1467 2823 1510 2886 ab

337 2933 439 2997 altero
473 2933 709 3018 mimographo
745 2935 858 2998 omissi
894 2941 982 3011 sunt,
1008 2934 1097 3018 quod
1134 2934 1246 3018 ipsum
1277 2953 1412 3017 quoque
1437 2952 1510 2995 con-

338 3041 424 3104 sulto
449 3042 575 3104 tactum
594 3061 665 3104 esse
690 3063 750 3126 pro
774 3049 863 3105 certo
880 3049 929 3105 est
954 3041 1160 3105 habendum.
1208 3039 1268 3104 Illa
1293 3039 1384 3103 enim
1409 3038 1510 3103 verba

338 3149 503 3231 (bl-55),
529 3169 615 3232 quae
640 3147 681 3211 ad
700 3149 816 3214 vinum
843 3149 995 3212 Indicum
1021 3149 1198 3234 pertinent,
1225 3147 1307 3232 quid
1328 3147 1391 3210 sibi
1410 3145 1512 3210 velint

340 3276 407 3318 non
432 3255 475 3318 ita
493 3255 709 3339 perspicuum
734 3263 791 3319 est.
840 3255 935 3320 Certe
952 3255 1088 3340 quidem
1106 3277 1182 3319 cum
1208 3254 1249 3318 ad
1270 3253 1510 3317 sententiarum

311 3427 313 3432 ,
340 3383 531 3425 connexum
554 3362 639 3426 nihil
663 3362 806 3438 valeant,
832 3363 962 3446 neglegi
987 3371 1137 3447 possunt.

448 3468 522 3544 Qua
537 3469 785 3554 comparatione
799 3469 911 3533 habita
929 3478 1068 3554 apparet
1084 3469 1224 3532 alterum
1239 3467 1513 3551 mimographnm

341 3598 379 3639 eo
404 3576 540 3639 consilio
565 3583 719 3660 quartam
744 3577 934 3641 columnam
960 3577 1205 3661 conscripsisse,
1242 3581 1279 3638 ut
1310 3575 1412 3660 priori
1445 3595 1513 3637 ver·

341 3683 427 3746 sioni
452 3683 557 3746 maior
575 3683 734 3748 vivacitas
751 3683 937 3762 adderetur,
963 3691 999 3747 ut
1021 3684 1101 3748 vitia
1126 3683 1378 3765 corrigerentur,
1404 3702 1514 3766 super-

342 3791 407 3853 flua
434 3790 673 3854 omitterentur.
722 3790 798 3866 Quo
821 3792 911 3855 facto
936 3813 1051 3856 versus
1076 3792 1207 3854 30-36
1243 3788 1363 3852 lineola
1399 3789 1514 3865 cinxit,

343 3905 380 3961 ut
404 3919 491 3961 unus
516 3898 669 3982 quisque,
694 3918 781 3982 quae
805 3906 915 3963 essent
940 3920 990 3962 res
1015 3899 1112 3962 sciret
1136 3896 1189 3983 (ci.
1215 3917 1269 3980 pg.
1296 3898 1337 3982 7).

810 4291 952 4394 Caput
976 4291 1050 4372 lv.

455 4468 524 4533 iam
551 4480 659 4549 restat,
685 4480 722 4535 ut
746 4471 795 4535 de
819 4479 916 4534 arte
941 4469 1127 4533 metrica
1154 4468 1254 4532 verba
1273 4466 1393 4530 faciam
1419 4463 1451 4527 id
1470 4472 1519 4528 est

302 4568 304 4570 ¹
348 4576 389 4642 de
414 4579 564 4643 versibus
590 4581 717 4643 88-91
745 4587 776 4642 et
800 4579 963 4643 96-106.
989 4577 1121 4639 Horum
1146 4583 1257 4638 autem
1284 4593 1442 4637 versuum
1478 4572 1519 4635 de
