3578 5390
774 403 994 466 ..23-

407 598 444 661 In
471 620 519 663 vs
545 599 587 664 58
612 606 644 662 et
668 620 733 682 ssq.
771 599 898 682 primas
922 606 1033 682 partes
1066 597 1285 662 barbarorum
1314 597 1382 682 agit
1407 620 1474 676 rex,

300 721 400 790 quem
441 705 595 789 stupidus
634 705 811 790 compellat
850 711 882 770 et
921 705 1034 783 eludit,
1075 706 1230 789 quotiens
1265 705 1367 770 rerba
1403 706 1474 770 eius

301 820 412 878 niente
436 812 719 897 comprehendere
744 834 809 876 non
836 819 954 896 potest.
1015 812 1046 876 Is
1078 820 1190 876 autern
1227 833 1360 876 summa
1397 804 1474 876 cum

247 985 249 989 ,
300 921 405 984 animi
429 919 667 1003 tranquillitate
692 919 817 1002 stupidi
836 919 937 984 verba
963 919 1117 1002 neglegit.
1134 1001 1137 1010 Ι
1155 919 1307 982 Primum
1333 919 1472 984 verbnm

301 1049 358 1092 rex
382 1027 530 1110 loquitur
552 1032 678 1114 βραθις
695 1033 726 1090 et
750 1027 853 1090 frater
875 1029 1003 1115 μιριόια
1021 1027 1074 1091 vel
1092 1026 1199 1090 simile
1216 1025 1342 1110 aliquid
1359 1026 1475 1090 audire

301 1135 364 1198 sibi
390 1134 522 1198 videtur
546 1134 631 1197 sicut
655 1140 770 1218 postea
787 1153 828 1198 ex
846 1155 926 1198 voce
951 1135 994 1198 65
1019 1135 1115 1210 ζοπιτ
1131 1133 1247 1197 audire
1264 1133 1326 1198 sibi
1344 1133 1476 1198 videtur

301 1281 342 1288 -
368 1243 424 1319 δός
457 1258 532 1307 πιῑν
557 1242 759 1324 (66)-τπῐν,
820 1239 883 1303 Sed
920 1239 953 1304 id
989 1262 1124 1324 qnoque
1159 1241 1228 1305 fieri
1265 1247 1403 1324 poterat,
1439 1248 1476 1304 ut

300 1350 403 1412 frater
450 1348 537 1428 regis
576 1348 715 1412 consilia
764 1369 781 1410 e
820 1347 969 1428 gestibus
1009 1347 1212 1431 quibusdam
1253 1355 1475 1431 cognosceret.

301 1455 518 1519 Hultzsclnus
554 1454 690 1538 quidern
727 1455 761 1517 in
787 1454 903 1517 Herm.
931 1461 1008 1518 torn.
1037 1455 1122 1518 1904
1147 1477 1201 1539 pg.
1226 1456 1289 1519 307
1322 1476 1370 1540 sq.
1396 1454 1475 1518 dicit

300 1567 426 1650 βροέιις
451 1583 522 1626 esse
547 1561 605 1624 ber
629 1561 734 1624 adisu.
773 1561 835 1624 Sed
862 1583 929 1624 non
960 1562 1072 1625 minus
1096 1562 1276 1637 verisimile
1300 1569 1350 1626 est
1373 1562 1475 1627 verbo

300 1676 428 1758 βραίίις
451 1669 549 1750 longe
573 1668 662 1731 aliud
685 1669 864 1750 significari
890 1675 921 1732 et
946 1670 1081 1733 fratrem
1099 1669 1132 1733 id
1150 1676 1280 1732 tanturn
1306 1670 1475 1754 percipere

302 1776 392 1860 qnod
409 1776 496 1851 velit,
514 1797 591 1839 curn
605 1776 752 1838 niaxirne
766 1777 836 1838 eius
854 1775 981 1839 intersit
1001 1776 1159 1840 barbaros
1181 1777 1259 1839 vino
1276 1776 1474 1861 opprimere.

303 1885 353 1946 Ad
371 1904 457 1968 quae
474 1881 735 1946 demonstranda
753 1881 852 1946 velim
871 1884 1034 1957 conferas,
1060 1904 1146 1967 quae
1165 1883 1228 1946 alia
1254 1883 1355 1947 verba
1373 1885 1476 1948 frater

301 1991 333 2054 in
360 1990 423 2054 bac
446 1989 541 2052 rnirni
578 1996 670 2073 parte
701 1989 799 2052 faciat
836 2011 865 2054 v.
886 1991 927 2053 63
964 2007 1039 2056 πιιν
1074 1992 1129 2068 δὸς
1163 2003 1288 2076 ταχέως
1322 2000 1407 2054 etv.
1433 1992 1474 2055 69

300 2098 418 2186 ιῖὁαρίς
453 2099 552 2173 ἐστιν,
587 2098 671 2176 βάλε
711 2095 810 2162 οἶνον.
873 2096 928 2160 Sic
963 2097 1052 2160 eninr
1089 2119 1166 2161 cnm
1205 2098 1474 2182 interpretamur,

301 2213 445 2270 statuere
469 2225 535 2268 non
562 2203 724 2267 debernns
756 2205 892 2266 fratrem
919 2203 1137 2268 barbarorum
1164 2205 1299 2287 linguae
1329 2205 1472 2288 peritum

300 2313 415 2385 fuisse,
452 2332 539 2394 qnae
563 2310 705 2374 Winteri
740 2311 904 2374 sententia
938 2311 1078 2374 ininirne
1110 2311 1191 2374 nnhi
1227 2312 1343 2396 placet.
1403 2311 1473 2376 Etsi

242 2412 245 2418 ’
301 2419 390 2483 eninr
406 2419 470 2481 illis
487 2417 694 2501 temporibus
708 2417 761 2500 (cf.
776 2439 830 2501 pg.
844 2417 898 2502 46)
916 2417 984 2480 fieri
1003 2425 1141 2501 poterut,
1155 2425 1192 2481 ut
1208 2418 1309 2482 horno
1327 2417 1474 2482 Graecus

301 2525 452 2608 lingnam
492 2524 653 2588 obscurae
687 2523 860 2587 cuiusdarn
898 2525 1007 2606 gentis
1043 2524 1193 2599 disceret,
1219 2532 1331 2588 tamen
1369 2524 1474 2588 multo

302 2633 431 2698 lacilius
467 2631 599 2696 evenire
632 2637 747 2694 contre
783 2630 930 2714 potuisse
960 2638 1052 2715 puto,
1077 2631 1271 2716 praesertim
1309 2632 1474 2696 cumillis

301 2739 507 2824 temporibus
525 2738 639 2820 lingua
657 2737 783 2801 Graeca
802 2739 955 2802 ornniurn
972 2739 1157 2830 bonrinunr
1174 2739 1365 2803 communis
1388 2746 1474 2802 esset
1514 2785 1517 2792 ,

301 2867 420 2922 sermo,
454 2845 549 2909 cuins
583 2845 629 2908 rei
658 2845 850 2928 exernplurn
887 2845 1024 2929 praebet
1050 2846 1143 2908 rnnni
1168 2867 1234 2909 rex.
1272 2847 1314 2909 cf.
1341 2844 1473 2910 Heliod.

301 2953 404 3018 38l⁴⁶
442 2964 498 3020 καὶ
534 2955 750 3044 ἀποστρέψας
789 2954 848 3018 τὸν
880 2953 977 3037 λόγον
1010 2960 1055 3032 ele
1086 2954 1146 3039 τήν
1180 2956 1383 3042 Χαρίκλειαν
1417 2965 1474 3020 καὶ

301 3063 361 3146 τήν
386 3059 498 3148 φωνην
515 3063 689 3142 ἑλληνίζων
713 3061 944 3138 (σποιιιλιίζιται
960 3060 1024 3146 γάρ
1040 3058 1090 3145 ἧδ’
1108 3056 1129 3146 ἦ
1145 3063 1275 3142 γλοῖντα
1300 3069 1357 3126 καὶ
1381 3057 1474 3147 παριλ

303 3187 370 3248 τοῖς
397 3175 421 3230 Γ
420 3184 670 3252 νμνοσοηισιοιῑς
693 3178 749 3231 καὶ
772 3169 966 3241 βασιλεῦσιν
991 3164 1183 3250 Αἰθιόπων)
1220 3173 1251 3229 ct
1276 3165 1350 3230 Hel.
1377 3167 1474 3230 39417

302 3288 356 3342 καὶ
393 3272 410 3341 (i
445 3282 648 3360 ΣισιμίθρηςΙ
716 3273 924 3360 Ειῗηήμησον,
953 3267 1156 3362 ἆπικρίνοιτο
1180 3276 1358 3360 ἑλληνίζων
1393 3270 1473 3340 ὥστε

301 3384 344 3469 μή
371 3384 407 3448 τὸ
433 3385 562 3466 πλῆθος
586 3379 717 3447 inulam
741 3388 772 3443 et
797 3379 872 3443 Hel.
899 3379 1008 3444 23830.

408 3525 456 3587 De
480 3524 631 3588 versibus
656 3525 788 3586 (tt-64
812 3544 899 3606 (prae
916 3523 1134 3587 Hultzsclrius
1159 3523 1314 3586 disseruit
1338 3523 1379 3586 ad
1404 3544 1473 3608 per-

299 3631 509 3696 suadendum
529 3638 606 3713 epita
631 3651 701 3693 esse
720 3630 801 3692 inibi
827 3651 894 3692 non
913 3629 1078 3693 videntur.
1126 3629 1201 3714 Ipse
1226 3630 1315 3693 enirn
1341 3651 1473 3694 summu

299 3761 374 3802 curn
401 3737 580 3820 sagacitate
605 3735 810 3799 demonstrat
842 3736 1114 3820 rnirnograplnrm
1148 3745 1179 3800 et
1210 3737 1418 3800 cornrneroiis
1443 3745 1474 3801 et

300 3844 522 3926 legationibus
558 3843 731 3907 scientlnnr
769 3843 868 3905 lnrins
892 3843 1028 3927 linguae
1063 3843 1125 3906 sibi
1163 3864 1281 3927 parare
1315 3843 1472 3927 potuisse.

300 3952 363 4014 sed
390 3961 504 4015 nudor
528 3952 585 4036 qni
603 3951 737 4033 linguae
757 3951 882 4036 peritus
907 3957 965 4028 est,
990 3951 1035 4014 ita
1054 3949 1154 4013 verba
1180 3951 1258 4014 serit
1276 3957 1311 4012 ut
1335 3971 1472 4014 sensum

299 4058 490 4143 praebeant.
539 4057 756 4121 Hultnsclrlus
780 4067 903 4134 autern,
928 4065 965 4120 ut
990 4079 1125 4121 sensum
1152 4056 1253 4120 addat
1280 4055 1378 4120 verba
1405 4079 1473 4120 non

298 4165 342 4229 ita
376 4167 611 4249 interpretatur
647 4173 683 4228 ut
708 4172 848 4238 exstant,
886 4164 942 4226 sed
979 4151 1111 4245 singula
1147 4164 1309 4227 exbansta
1345 4171 1471 4228 tractat.

297 4273 415 4357 Neque
440 4273 552 4334 nrinus
582 4271 692 4334 audax
718 4292 788 4334 esse
814 4271 897 4334 nribi
930 4271 1071 4347 videtur,
1103 4270 1193 4355 qnod
1226 4292 1266 4333 ex
1300 4291 1367 4334 una
1393 4292 1473 4334 voce

296 4388 424 4468 βραέιις
440 4379 527 4443 idern
551 4379 718 4442 concludit
735 4399 795 4441 nos
813 4399 888 4441 enrn
908 4377 1042 4441 Canada
1068 4400 1136 4441 rein
1154 4377 1277 4440 babere
1301 4381 1367 4461 (pg.
1385 4378 1471 4460 307).

298 4487 429 4562 Quibus
454 4485 494 4550 de
520 4485 618 4549 rebns
643 4507 718 4550 onrn
745 4485 816 4569 ipse
841 4484 987 4548 irnlicare
1013 4507 1078 4547 non
1097 4506 1240 4570 possem,
1265 4484 1471 4548 avunculum

298 4614 409 4656 rneunr
435 4594 487 4658 'ln
523 4593 672 4659 Nbldelre
698 4591 998 4674 Strallburgensern
1025 4590 1187 4668 consului,
1218 4591 1276 4678 qui
1301 4591 1471 4684 seipsum
