3578 5390
718 407 914 469 -3..

204 595 208 604 “
229 610 371 685 utraque
395 623 567 665 summum
586 601 763 666 duodecim
789 602 990 667 centesimas
1014 603 1112 666 metri
1136 611 1246 688 partes
1271 610 1400 688 aequat.

230 709 363 772 Primae
395 716 506 772 autem
545 709 722 772 columnae
760 709 795 772 in
831 731 929 774 versu
967 711 1109 794 septimo
1152 712 1247 774 cuius
1289 733 1404 775 versus

230 817 422 900 litteraeper
431 836 551 880 novem
563 816 1154 894 centesimasservataeexstant,cmn
1170 817 1404 902 probabilitate

230 923 377 1007 quadam
414 923 514 986 trium
559 923 763 1007 reliquarum
800 923 1059 987 centesimarum
1097 925 1242 1008 spatium
1280 925 1404 1009 expleri

230 1037 347 1114 potest.
396 1029 476 1092 Tres
493 1036 608 1092 autern
624 1030 825 1093 centesimae
848 1029 1003 1093 undecim
1030 1031 1100 1094 fere
1118 1031 1242 1094 litteras
1267 1033 1405 1116 capiunt

231 1144 262 1200 ct
280 1159 340 1200 uos
364 1137 464 1200 huius
482 1151 598 1200 versus
622 1136 777 1200 lacunam
804 1136 918 1200 decem
944 1137 1060 1200 litteris
1093 1136 1161 1222 (οὐκ
1185 1134 1266 1206 ἄνευ
1291 1139 1405 1225 θεῶν)

231 1227 451 1328 explevimus,-
476 1263 543 1326 quo
561 1242 660 1307 modo
677 1243 812 1306 alterius
837 1251 869 1306 et
885 1244 1000 1307 tertiae
1017 1244 1194 1309 columnae
1212 1266 1402 1308 mensnram

231 1351 452 1435 assequimur.
501 1349 600 1414 Nunc
616 1357 728 1414 autem
754 1371 830 1413 cum
848 1372 965 1414 versus
983 1351 1125 1414 restituti
1150 1373 1297 1435 nusqum
1315 1351 1406 1415 hunc

231 1440 410 1521 duodecim
421 1457 679 1521 centesimarum
695 1457 831 1520 modum
850 1456 1022 1530 excedant,
1040 1458 1103 1521 hac
1116 1479 1157 1521 ex
1170 1466 1262 1542 parte
1276 1459 1405 1542 primae

231 1564 408 1628 columnae
425 1563 589 1627 restitutio
613 1585 680 1626 non
699 1563 860 1627 offendat.
921 1564 1128 1647 {aliquarum
1154 1574 1265 1628 autem
1284 1565 1405 1628 colum·

232 1691 352 1734 uarum
370 1671 508 1734 lacunas
525 1670 657 1734 facilius
674 1670 905 1754 probabilibus
922 1671 1120 1735 coniecturis
1137 1672 1269 1756 explere
1294 1693 1406 1756 possu-
1487 1725 1490 1731 .

231 1799 317 1842 mue.

134 1905 222 2030 ἓξὲξ)
340 1921 438 1997 Quod
468 1921 667 2005 scripturam
694 1921 812 1984 attinet
835 1921 950 2006 <lextra
976 1920 1099 1984 scheda
1134 1921 1408 1986 semiuncialibus

206 2020 320 2112 'quae
338 2035 509 2105 vocantur,
535 2029 656 2112 scripta
674 2037 732 2103 est,
758 2049 834 2091 cum
861 2029 895 2090 in
925 2049 1040 2092 versae
1073 2027 1214 2091 schedae
1239 2029 1408 2112 superiore

232 2143 325 2220 parte
353 2135 437 2198 duas
462 2134 636 2198 columnas
675 2136 905 2223 (Μοιχεύτρια)
944 2135 1158 2199 inveniamus
1199 2134 1315 2199 litteris
1339 2129 1408 2198 cur-

233 2243 313 2307 sivis
349 2243 498 2327 scriptas,
535 2242 659 2325 quibus
695 2249 814 2324 quarta
851 2242 953 2305 nostri
991 2241 1085 2304 mimi
1115 2241 1270 2305 columna
1296 2241 1408 2305 addita

233 2358 282 2414 est
312 2351 348 2414 ia
379 2351 428 2413 the
460 2349 540 2432 style
572 2349 610 2432 of
639 2350 804 2431 deceroto,
839 2357 876 2412 ut
901 2349 1139 2411 Britannorum
1176 2349 1287 2413 verbis
1324 2355 1408 2424 utar,

233 2459 301 2520 oud
322 2457 399 2520 willa
423 2457 472 2520 tae
500 2477 588 2518 sarire
618 2457 806 2531 charactera,
831 2457 956 2519 written
985 2458 1021 2518 irc
1052 2477 1072 2517 u
1102 2456 1274 2519 surrrewlmt
1306 2456 1410 2538 lorper

233 2565 301 2627 aad
332 2585 417 2627 more
449 2563 574 2646 curefal
612 2563 709 2640 lauari,
748 2563 801 2626 bal
833 2561 989 2644 evidently
1024 2563 1063 2645 op
1098 2563 1147 2625 ue
1179 2582 1264 2626 snare
1291 2583 1409 2643 person

233 2671 302 2734 arlro
326 2691 394 2734 wera
415 2670 611 2750 responsible
631 2669 686 2751 for
710 2671 759 2733 the
779 2669 947 2752 forepor'up
971 2671 1073 2733 crime.

126 2814 223 2953 0320
341 2829 388 2893 De
425 2830 523 2893 rebus
559 2829 601 2892 ad
637 2829 910 2914 orthographiam
948 2829 1194 2914 pertinentibus
1230 2829 1299 2893 suis
1330 2829 1409 2892 loeis

138 2958 211 3024 plia.
231 2937 392 3001 disseram
418 2938 471 3021 (cl.
499 2937 629 3002 Wintcr
652 2959 729 3021 pgg.
759 2938 864 3022 1-9).

135 3173 224 3299 &in
342 3188 431 3272 sigla
456 3189 490 3251 in
516 3209 645 3272 papyro
669 3187 752 3251 haec
776 3195 935 3271 usurpata
961 3195 1057 3251 sunt:

140 3317 222 3400 expli·
459 3324 493 3380 Α
583 3344 620 3368 :-
650 3313 838 3376 Charitium
889 3328 891 3332 '

140 3405 222 3442 cauo.
424 3429 429 3438 '
459 3430 491 3485 B
584 3451 623 3474 =
650 3419 806 3504 stupidus

459 3537 487 3594 Γ
582 3559 625 3581 =
649 3527 789 3590 Charitii
814 3528 917 3590 frater

458 3644 488 3699 Δ
585 3665 627 3687 =
651 3634 857 3716 gubernator

457 3747 474 3821 ζ
583 3773 624 3796 =
649 3742 759 3806 socius
785 3741 989 3805 Graecorum

456 3858 524 3930 βασ
586 3881 628 3904 ==
652 3847 809 3929 βασιλεύς

457 3985 518 4042 yur
587 3989 625 4011 =
652 3953 732 4042 γυνή

460 4068 502 4131 αλ
586 4095 627 4118 =
653 4065 738 4151 ἄλλη

460 4181 490 4236 Ζ
506 4173 538 4272 ιΞ
651 4193 735 4255 quas
760 4191 920 4255 personas
944 4169 1133 4251 significent

461 4308 479 4352 ς
507 4273 519 4370 l
651 4280 813 4342 incertum
840 4284 897 4340 est.

458 4415 506 4451 κοι
587 4418 628 4439 r:
653 4394 744 4484 κοινῇ
768 4385 808 4467 (V.
835 4387 887 4457 30,
913 4385 966 4457 39,
991 4385 1043 4458 58,
1069 4385 1121 4457 (il,
1148 4384 1199 4457 8⁸2,
1225 4382 1277 4454 84,
1306 4381 1378 4460 llll)

460 4498 478 4558 a·
584 4524 625 4546 τ-
650 4495 879 4576 τυμπανισμός

460 4604 559 4670 carol
585 4631 624 4652 =
650 4599 878 4683 τυμπανισμὸς
903 4595 1005 4674 πολύς
1030 4597 1094 4679 (till,
1120 4597 1172 4667 92,
1198 4594 1251 4678 llo)

1168 4683 1198 4732 ,ι
