3578 5390
852 828 1032 933 Vita.

461 1267 568 1331 Natus
604 1288 679 1330 sum
704 1266 876 1331 Iohannes
901 1267 1071 1332 Gustavus
1097 1268 1261 1352 Georgius
1284 1268 1406 1333 Knoke
1439 1289 1468 1332 a.
1493 1267 1525 1331 d.

355 1374 448 1439 XIII.
474 1373 550 1438 Kal.
577 1373 672 1437 Febr.
698 1395 788 1438 anrro
810 1376 893 1438 1884
917 1375 949 1438 in
969 1375 1042 1440 vico
1067 1375 1202 1439 Gestorf
1226 1382 1318 1460 patre
1337 1375 1525 1451 Wilhehno,

355 1483 433 1566 pagi
450 1480 630 1556 sacerdote,
649 1487 754 1544 matre
770 1480 941 1545 Elisabeth
960 1503 977 1545 e
993 1489 1092 1564 gente
1108 1482 1269 1560 Noldeke,
1294 1503 1378 1566 quos
1395 1481 1527 1545 duobus

356 1591 426 1651 fere
449 1587 547 1650 antris
572 1594 648 1650 ante
674 1594 778 1650 morte
803 1588 885 1651 mihi
911 1596 1041 1672 ereptos
1065 1611 1136 1652 esse
1161 1590 1268 1673 lugeo.

464 1691 580 1756 Fidem
597 1693 755 1757 confiteor
768 1694 1007 1777 evangelicam.
1026 1695 1125 1759 Domi
1142 1696 1341 1760 rudimentis
1357 1694 1527 1758 literarum

356 1800 507 1864 imbutus
524 1798 694 1862 Hildesiae
708 1821 766 1883 per
783 1800 1053 1884 quinquennium
1069 1802 1292 1886 Gymnasium
1308 1801 1527 1864 Andreanum

357 1906 580 1989 frequentavi,
599 1905 694 1970 cuius
711 1907 843 1970 scholae
860 1915 1111 1992 praeceptorum
1126 1908 1328 1990 Rossbergio
1345 1915 1377 1972 et
1392 1906 1529 1969 Rauter-

358 2013 472 2096 bergio
511 2013 756 2097 professoribus
805 2014 988 2098 plurimum
1029 2036 1082 2079 me
1121 2014 1241 2080 debere
1283 2021 1377 2097 grato
1416 2011 1529 2076 animo

359 2141 595 2184 commemoro
643 2119 755 2182 Primo
772 2128 885 2184 mrtem
910 2142 986 2185 vere
1011 2122 1091 2185 anni
1119 2123 1202 2186 1903
1221 2120 1420 2185 maturitatis
1445 2117 1530 2181 testi-

359 2227 473 2290 monio
497 2226 677 2304 instructus
703 2226 844 2309 migravi
879 2227 920 2290 ad
946 2227 1151 2292 academiam
1184 2227 1437 2309 Erlangensem,
1473 2223 1529 2288 ubi

360 2355 419 2418 per
435 2333 497 2396 tria
511 2333 683 2396 semestria
701 2332 932 2418 philosophiae
949 2341 981 2397 ct
997 2335 1197 2419 philologiae
1214 2333 1370 2398 classicae
1395 2351 1530 2418 operam

360 2439 494 2504 navavi.
525 2438 591 2503 Sex
607 2439 728 2503 deinde
744 2462 876 2504 menses
894 2441 1119 2505 universitatis
1135 2440 1328 2505 Fredericae
1345 2439 1532 2505 Guilehnae

361 2525 692 2611 BerolinensisbiVis
723 2556 949 2612 commoratus
974 2549 1099 2612 Kiliam
1126 2570 1177 2612 me
1202 2548 1337 2625 contuli,
1363 2554 1399 2611 ut
1423 2544 1532 2610 studia

363 2675 438 2717 mea
462 2653 694 2717 continuarem
728 2653 769 2717 ad
799 2655 969 2738 finemque
993 2655 1221 2740 perducerem.
1278 2654 1407 2718 Novem
1432 2651 1534 2734 igitur

363 2759 573 2824 semestrium
599 2761 706 2844 spatio
723 2761 783 2824 hos
807 2760 1006 2826 disserentes
1027 2763 1140 2827 audivi
1166 2763 1254 2827 viros
1279 2759 1532 2825 illustrissimos:

364 2866 389 2929 F
392 2865 602 2949 olckenberg,
620 2866 829 2950 Heerdegen,
848 2869 984 2948 Hensel,
1003 2870 1121 2946 Kolde,
1138 2869 1246 2946 Leser,
1265 2867 1386 2944 Lache,
1405 2864 1533 2940 Mhller,

363 2973 508 3036 Roemer
531 2973 754 3056 Erlaugenses
778 3013 821 3020 —
846 2975 1022 3055 Delitasch,
1049 2977 1202 3040 Paulson.
1224 2974 1378 3055 Seeberg,
1403 2970 1535 3034 Kekiile

365 3101 431 3144 von
456 3078 653 3157 Stradonitz,
686 3080 826 3161 Vahlen,
861 3105 925 3147 von
954 3079 1418 3148 WilamowitzMoellendorff
1441 3078 1535 3141 Bero-

365 3187 519 3250 linenses.
560 3225 602 3232 —-
642 3187 803 3264 Deussen,
837 3188 974 3272 Jacoby,
1010 3191 1134 3267 Noack,
1174 3190 1325 3264 Mdhlau,
1360 3185 1535 3262 Schaeder,

367 3293 534 3370 Sudhaus,
559 3293 677 3370 Titius,
702 3295 892 3359 Wendland
917 3297 1140 3361 Kilonienses.

474 3400 544 3464 Nec
567 3422 634 3464 non
652 3402 945 3468 exercitationibus
969 3404 1022 3468 vel
1046 3402 1254 3488 philologieis
1279 3402 1331 3467 vel
1352 3399 1537 3464 archaeolo-

273 3553 285 3566 .
367 3507 449 3590 gicis
473 3507 526 3570 vel
556 3507 794 3593 philosophicis
828 3510 880 3574 vel
904 3510 1097 3594 theologicis
1122 3532 1181 3594 per
1215 3509 1342 3593 aliquot
1366 3505 1537 3572 semestria

368 3614 505 3676 interfui
541 3621 572 3676 et
608 3621 776 3699 postremo
811 3639 870 3701 per
894 3617 955 3681 tria
980 3619 1151 3682 semestris
1184 3615 1354 3681 seminarii
1378 3611 1539 3699 philologi

368 3720 490 3785 sodalis
506 3720 558 3783 fui
575 3720 762 3786 ordinarius
780 3723 1031 3788 moderantibus
1049 3725 1156 3788 Felice
1172 3723 1299 3807 Jacoby
1317 3730 1348 3786 et
1365 3719 1539 3804 Sigofredo

369 3826 535 3891 Sudhaus.

477 3934 751 4019 Praeceptoribus
776 3939 859 4002 ineis
884 3959 961 4002 cum
985 3939 1143 4003 omnibus
1167 3946 1237 4002 tum
1256 3933 1456 4010 Sudhausio,
1482 3932 1539 4017 qui

371 4041 480 4104 studia
498 4063 571 4104 mea
589 4043 735 4108 maxime
753 4046 871 4110 fovens
893 4047 1014 4111 eximie
1038 4047 1078 4111 de
1104 4068 1156 4109 me
1181 4044 1318 4108 meritus
1335 4049 1393 4120 est,
1418 4039 1541 4124 gratias

372 4151 479 4214 habeo
503 4171 604 4233 quam
632 4151 796 4216 maximas
820 4175 1019 4238 semperque
1043 4154 1183 4217 habebo.
