<?xml version="1.0" encoding="UTF-8"?>
<!DOCTYPE html PUBLIC "-//W3C//DTD XHTML 1.0 Transitional//EN"
    "http://www.w3.org/TR/xhtml1/DTD/xhtml1-transitional.dtd">
<html xmlns="http://www.w3.org/1999/xhtml" xml:lang="en" lang="en">
 <head>
  <title>
</title>
<meta http-equiv="Content-Type" content="text/html;charset=utf-8" />
  <meta name='ocr-system' content='tesseract 3.04.00' />
  <meta name='ocr-capabilities' content='ocr_page ocr_carea ocr_par ocr_line ocrx_word'/>
</head>
<body>
  <div class='ocr_page' id='page_1' title='image "./decharitiomimoo01knokgoog_0035.png"; bbox 0 0 3578 5390; ppageno 0'>
   <div class='ocr_carea' id='block_1_1' title="bbox 801 394 1022 457">
    <p class='ocr_par' dir='ltr' id='par_1_1' title="bbox 801 394 1022 457">
     <span class='ocr_line' id='line_1_1' title="bbox 801 394 1022 457; baseline 0.005 -17"><span class='ocrx_word' id='word_1_1' title='bbox 801 394 1022 457; x_wconf 69' lang='lat'>„24-</span> 
     </span>
    </p>
   </div>
   <div class='ocr_carea' id='block_1_2' title="bbox 328 587 1517 3902">
    <p class='ocr_par' dir='ltr' id='par_1_2' title="bbox 328 587 1513 3254">
     <span class='ocr_line' id='line_1_2' title="bbox 328 587 1498 674; baseline 0.003 -23"><span class='ocrx_word' id='word_1_2' title='bbox 328 587 464 673; x_wconf 88' lang='lat' dir='ltr'>quidem</span> <span class='ocrx_word' id='word_1_3' title='bbox 501 611 553 653; x_wconf 90' lang='lat' dir='ltr'>me</span> <span class='ocrx_word' id='word_1_4' title='bbox 589 589 704 654; x_wconf 92' lang='lat' dir='ltr'>iuvare</span> <span class='ocrx_word' id='word_1_5' title='bbox 740 612 807 653; x_wconf 93' lang='lat' dir='ltr'>non</span> <span class='ocrx_word' id='word_1_6' title='bbox 833 612 929 674; x_wconf 89' lang='lat' dir='ltr'>posse</span> <span class='ocrx_word' id='word_1_7' title='bbox 965 592 1138 654; x_wconf 86' lang='lat' dir='ltr'>consessus</span> <span class='ocrx_word' id='word_1_8' title='bbox 1163 591 1398 656; x_wconf 83' lang='lat' dir='ltr'>Hnllzschium</span> <span class='ocrx_word' id='word_1_9' title='bbox 1435 591 1498 655; x_wconf 89' lang='lat' dir='ltr'>sibi</span> 
     </span>
     <span class='ocr_line' id='line_1_3' title="bbox 328 697 1498 782; baseline 0.003 -24"><span class='ocrx_word' id='word_1_10' title='bbox 328 718 462 780; x_wconf 81' lang='lat' dir='ltr'>quoque</span> <span class='ocrx_word' id='word_1_11' title='bbox 499 719 564 760; x_wconf 93' lang='lat' dir='ltr'>non</span> <span class='ocrx_word' id='word_1_12' title='bbox 601 697 801 781; x_wconf 87' lang='lat' dir='ltr'>persuadere</span> <span class='ocrx_word' id='word_1_13' title='bbox 837 719 889 761; x_wconf 90' lang='lat' dir='ltr'>me</span> <span class='ocrx_word' id='word_1_14' title='bbox 914 698 1086 761; x_wconf 76' lang='lat' dir='ltr'>certiorem</span> <span class='ocrx_word' id='word_1_15' title='bbox 1122 699 1211 763; x_wconf 84' lang='lat' dir='ltr'>fecit.</span> <span class='ocrx_word' id='word_1_16' title='bbox 1266 708 1385 782; x_wconf 77' lang='lat' dir='ltr'>Aupvv</span> <span class='ocrx_word' id='word_1_17' title='bbox 1409 699 1498 762; x_wconf 90' lang='lat' dir='ltr'>enim</span> 
     </span>
     <span class='ocr_line' id='line_1_4' title="bbox 329 803 1500 890; baseline 0 -21"><span class='ocrx_word' id='word_1_18' title='bbox 329 803 381 869; x_wconf 80' lang='lat' dir='ltr'>rel</span> <span class='ocrx_word' id='word_1_19' title='bbox 413 807 522 890; x_wconf 79' lang='lat' dir='ltr'>dapar</span> <span class='ocrx_word' id='word_1_20' title='bbox 545 805 579 867; x_wconf 91' lang='lat' dir='ltr'>in</span> <span class='ocrx_word' id='word_1_21' title='bbox 604 806 724 868; x_wconf 79' lang='lat' dir='ltr'>rnodlru</span> <span class='ocrx_word' id='word_1_22' title='bbox 759 814 790 868; x_wconf 86' lang='lat' dir='ltr'>et</span> <span class='ocrx_word' id='word_1_23' title='bbox 814 834 933 872; x_wconf 74' lang='grc' dir='ltr'><strong><em>κακκει</em></strong></span> <span class='ocrx_word' id='word_1_24' title='bbox 958 806 990 868; x_wconf 92' lang='lat' dir='ltr'>in</span> <span class='ocrx_word' id='word_1_25' title='bbox 1017 806 1095 869; x_wconf 71' lang='lat' dir='ltr'>dolel</span> <span class='ocrx_word' id='word_1_26' title='bbox 1124 806 1216 870; x_wconf 90' lang='lat' dir='ltr'>nullo</span> <span class='ocrx_word' id='word_1_27' title='bbox 1242 807 1341 870; x_wconf 91' lang='lat' dir='ltr'>modo</span> <span class='ocrx_word' id='word_1_28' title='bbox 1377 806 1500 870; x_wconf 90' lang='lat' dir='ltr'>mutari</span> 
     </span>
     <span class='ocr_line' id='line_1_5' title="bbox 330 905 1498 996; baseline 0 -21"><span class='ocrx_word' id='word_1_29' title='bbox 330 905 426 996; x_wconf 88' lang='lat' dir='ltr'>posse</span> <span class='ocrx_word' id='word_1_30' title='bbox 463 933 571 995; x_wconf 84' lang='lat' dir='ltr'>neque</span> <span class='ocrx_word' id='word_1_31' title='bbox 607 933 641 974; x_wconf 84' lang='lat' dir='ltr'>se</span> <span class='ocrx_word' id='word_1_32' title='bbox 681 913 881 995; x_wconf 75' lang='lat' dir='ltr'>intellegere,</span> <span class='ocrx_word' id='word_1_33' title='bbox 918 935 986 996; x_wconf 92' lang='lat' dir='ltr'>quo</span> <span class='ocrx_word' id='word_1_34' title='bbox 1025 913 1096 977; x_wconf 91' lang='lat' dir='ltr'>iure</span> <span class='ocrx_word' id='word_1_35' title='bbox 1135 913 1353 978; x_wconf 81' lang='lat' dir='ltr'>Hultzsclrius</span> <span class='ocrx_word' id='word_1_36' title='bbox 1389 913 1498 996; x_wconf 84' lang='lat' dir='ltr'>eloqui</span> 
     </span>
     <span class='ocr_line' id='line_1_6' title="bbox 330 1019 1499 1102; baseline 0.003 -21"><span class='ocrx_word' id='word_1_37' title='bbox 330 1019 434 1102; x_wconf 88' lang='lat' dir='ltr'>possit</span> <span class='ocrx_word' id='word_1_38' title='bbox 463 1019 537 1082; x_wconf 87' lang='lat' dir='ltr'>»Bis</span> <span class='ocrx_word' id='word_1_39' title='bbox 561 1019 694 1082; x_wconf 82' lang='lat' dir='ltr'>lrierlrer</span> <span class='ocrx_word' id='word_1_40' title='bbox 710 1019 831 1100; x_wconf 74' lang='lat' dir='ltr'>glaube</span> <span class='ocrx_word' id='word_1_41' title='bbox 855 1020 908 1084; x_wconf 89' lang='lat' dir='ltr'>ich</span> <span class='ocrx_word' id='word_1_42' title='bbox 934 1022 994 1083; x_wconf 79' lang='lat' dir='ltr'>aul</span> <span class='ocrx_word' id='word_1_43' title='bbox 1017 1022 1135 1084; x_wconf 86' lang='lat' dir='ltr'>festem</span> <span class='ocrx_word' id='word_1_44' title='bbox 1156 1021 1267 1085; x_wconf 89' lang='lat' dir='ltr'>Boden</span> <span class='ocrx_word' id='word_1_45' title='bbox 1285 1042 1324 1083; x_wconf 79' lang='lat' dir='ltr'>au</span> <span class='ocrx_word' id='word_1_46' title='bbox 1350 1021 1499 1085; x_wconf 84' lang='lat' dir='ltr'>stehen«.</span> 
     </span>
     <span class='ocr_line' id='line_1_7' title="bbox 332 1125 1502 1211; baseline 0.002 -23"><span class='ocrx_word' id='word_1_47' title='bbox 332 1125 423 1188; x_wconf 87' lang='lat' dir='ltr'>ldem</span> <span class='ocrx_word' id='word_1_48' title='bbox 452 1125 558 1188; x_wconf 85' lang='lat' dir='ltr'>Plauti</span> <span class='ocrx_word' id='word_1_49' title='bbox 585 1126 769 1189; x_wconf 89' lang='lat' dir='ltr'>Poenulum</span> <span class='ocrx_word' id='word_1_50' title='bbox 802 1127 1019 1211; x_wconf 86' lang='lat' dir='ltr'>comparandi</span> <span class='ocrx_word' id='word_1_51' title='bbox 1051 1149 1150 1191; x_wconf 84' lang='lat' dir='ltr'>causa</span> <span class='ocrx_word' id='word_1_52' title='bbox 1175 1129 1273 1192; x_wconf 80' lang='lat' dir='ltr'>affert</span> <span class='ocrx_word' id='word_1_53' title='bbox 1303 1137 1333 1191; x_wconf 91' lang='lat' dir='ltr'>et</span> <span class='ocrx_word' id='word_1_54' title='bbox 1365 1128 1502 1192; x_wconf 90' lang='lat' dir='ltr'>adnotat</span> 
     </span>
     <span class='ocr_line' id='line_1_8' title="bbox 331 1219 1502 1319; baseline 0.003 -24"><span class='ocrx_word' id='word_1_55' title='bbox 331 1233 395 1296; x_wconf 91' lang='lat' dir='ltr'>illis</span> <span class='ocrx_word' id='word_1_56' title='bbox 427 1233 634 1317; x_wconf 81' lang='lat' dir='ltr'>temporibus</span> <span class='ocrx_word' id='word_1_57' title='bbox 659 1234 764 1298; x_wconf 91' lang='lat' dir='ltr'>multo</span> <span class='ocrx_word' id='word_1_58' title='bbox 790 1234 900 1318; x_wconf 90' lang='lat' dir='ltr'>plures</span> <span class='ocrx_word' id='word_1_59' title='bbox 925 1219 1038 1312; x_wconf 77' lang='lat' dir='ltr'>fuisse,</span> <span class='ocrx_word' id='word_1_60' title='bbox 1071 1235 1130 1319; x_wconf 90' lang='lat' dir='ltr'>qui</span> <span class='ocrx_word' id='word_1_61' title='bbox 1154 1235 1342 1300; x_wconf 89' lang='lat' dir='ltr'>Poenomm</span> <span class='ocrx_word' id='word_1_62' title='bbox 1369 1236 1502 1318; x_wconf 81' lang='lat' dir='ltr'>linguae</span> 
     </span>
     <span class='ocr_line' id='line_1_9' title="bbox 332 1341 1501 1425; baseline 0.003 -22"><span class='ocrx_word' id='word_1_63' title='bbox 332 1341 428 1424; x_wconf 88' lang='lat' dir='ltr'>periti</span> <span class='ocrx_word' id='word_1_64' title='bbox 453 1341 588 1417; x_wconf 79' lang='lat' dir='ltr'>fuerint,</span> <span class='ocrx_word' id='word_1_65' title='bbox 615 1362 676 1404; x_wconf 91' lang='lat' dir='ltr'>nec</span> <span class='ocrx_word' id='word_1_66' title='bbox 711 1348 823 1404; x_wconf 92' lang='lat' dir='ltr'>tamen</span> <span class='ocrx_word' id='word_1_67' title='bbox 860 1363 921 1404; x_wconf 87' lang='lat' dir='ltr'>nos</span> <span class='ocrx_word' id='word_1_68' title='bbox 956 1363 994 1405; x_wconf 91' lang='lat' dir='ltr'>ea</span> <span class='ocrx_word' id='word_1_69' title='bbox 1019 1342 1119 1406; x_wconf 83' lang='lat' dir='ltr'>verba</span> <span class='ocrx_word' id='word_1_70' title='bbox 1152 1343 1276 1406; x_wconf 88' lang='lat' dir='ltr'>Punica</span> <span class='ocrx_word' id='word_1_71' title='bbox 1302 1343 1501 1425; x_wconf 71' lang='lat' dir='ltr'>intellegere.</span> 
     </span>
     <span class='ocr_line' id='line_1_10' title="bbox 334 1448 1503 1535; baseline 0.001 -24"><span class='ocrx_word' id='word_1_72' title='bbox 334 1448 384 1511; x_wconf 80' lang='lat' dir='ltr'>nd</span> <span class='ocrx_word' id='word_1_73' title='bbox 412 1448 471 1512; x_wconf 87' lang='lat' dir='ltr'>has</span> <span class='ocrx_word' id='word_1_74' title='bbox 496 1469 612 1512; x_wconf 82' lang='lat' dir='ltr'>causas</span> <span class='ocrx_word' id='word_1_75' title='bbox 637 1448 772 1525; x_wconf 86' lang='lat' dir='ltr'>aceedit,</span> <span class='ocrx_word' id='word_1_76' title='bbox 798 1449 887 1532; x_wconf 85' lang='lat' dir='ltr'>qnod</span> <span class='ocrx_word' id='word_1_77' title='bbox 913 1469 999 1532; x_wconf 84' lang='lat' dir='ltr'>quae</span> <span class='ocrx_word' id='word_1_78' title='bbox 1016 1449 1234 1514; x_wconf 78' lang='lat' dir='ltr'>Hultasclrius</span> <span class='ocrx_word' id='word_1_79' title='bbox 1258 1451 1412 1535; x_wconf 83' lang='lat' dir='ltr'>exposuit</span> <span class='ocrx_word' id='word_1_80' title='bbox 1436 1472 1503 1513; x_wconf 93' lang='lat' dir='ltr'>non</span> 
     </span>
     <span class='ocr_line' id='line_1_11' title="bbox 334 1545 1504 1647; baseline 0.004 -28"><span class='ocrx_word' id='word_1_81' title='bbox 334 1577 493 1638; x_wconf 66' lang='lat' dir='ltr'>inriguam</span> <span class='ocrx_word' id='word_1_82' title='bbox 509 1555 577 1618; x_wconf 87' lang='lat' dir='ltr'>vim</span> <span class='ocrx_word' id='word_1_83' title='bbox 590 1555 725 1632; x_wconf 76' lang='lat' dir='ltr'>habent,</span> <span class='ocrx_word' id='word_1_84' title='bbox 744 1577 819 1620; x_wconf 84' lang='lat' dir='ltr'>cum</span> <span class='ocrx_word' id='word_1_85' title='bbox 839 1556 948 1620; x_wconf 83' lang='lat' dir='ltr'>verbis</span> <span class='ocrx_word' id='word_1_86' title='bbox 965 1562 1098 1641; x_wconf 67' lang='grc' dir='ltr'><strong><em>βραθις,</em></strong></span> <span class='ocrx_word' id='word_1_87' title='bbox 1123 1565 1167 1636; x_wconf 61' lang='grc' dir='ltr'>εἰς</span> <span class='ocrx_word' id='word_1_88' title='bbox 1183 1560 1316 1647; x_wconf 70' lang='lat' dir='ltr'>protrita</span> <span class='ocrx_word' id='word_1_89' title='bbox 1340 1545 1504 1644; x_wconf 68' lang='grc' dir='ltr'>λάχωμεκ,</span> 
     </span>
     <span class='ocr_line' id='line_1_12' title="bbox 334 1663 1504 1750; baseline -0.001 -21"><span class='ocrx_word' id='word_1_90' title='bbox 334 1665 494 1748; x_wconf 58' lang='grc' dir='ltr'>λάχωμεν,</span> <span class='ocrx_word' id='word_1_91' title='bbox 520 1669 606 1749; x_wconf 67' lang='lat' dir='ltr'>drop.</span> <span class='ocrx_word' id='word_1_92' title='bbox 631 1668 710 1750; x_wconf 72' lang='grc' dir='ltr'>βερη</span> <span class='ocrx_word' id='word_1_93' title='bbox 735 1663 769 1725; x_wconf 95' lang='lat' dir='ltr'>in</span> <span class='ocrx_word' id='word_1_94' title='bbox 794 1663 969 1747; x_wconf 78' lang='lat' dir='ltr'>perpaucis</span> <span class='ocrx_word' id='word_1_95' title='bbox 1006 1664 1157 1728; x_wconf 85' lang='lat' dir='ltr'>versibus</span> <span class='ocrx_word' id='word_1_96' title='bbox 1193 1665 1300 1730; x_wconf 83' lang='lat' dir='ltr'>sexies</span> <span class='ocrx_word' id='word_1_97' title='bbox 1329 1665 1416 1729; x_wconf 88' lang='lat' dir='ltr'>idem</span> <span class='ocrx_word' id='word_1_98' title='bbox 1443 1667 1504 1747; x_wconf 79' lang='lat' dir='ltr'>(ge-</span> 
     </span>
     <span class='ocr_line' id='line_1_13' title="bbox 335 1769 1506 1856; baseline 0 -22"><span class='ocrx_word' id='word_1_99' title='bbox 335 1771 458 1850; x_wconf 79' lang='lat' dir='ltr'>trenntl</span> <span class='ocrx_word' id='word_1_100' title='bbox 494 1769 708 1851; x_wconf 69' lang='lat' dir='ltr'>significetur.</span> <span class='ocrx_word' id='word_1_101' title='bbox 757 1770 841 1845; x_wconf 73' lang='lat' dir='ltr'>Quis</span> <span class='ocrx_word' id='word_1_102' title='bbox 872 1777 983 1834; x_wconf 90' lang='lat' dir='ltr'>autem</span> <span class='ocrx_word' id='word_1_103' title='bbox 1020 1778 1078 1846; x_wconf 84' lang='lat' dir='ltr'>est,</span> <span class='ocrx_word' id='word_1_104' title='bbox 1103 1772 1162 1856; x_wconf 91' lang='lat' dir='ltr'>qni</span> <span class='ocrx_word' id='word_1_105' title='bbox 1197 1771 1278 1836; x_wconf 90' lang='lat' dir='ltr'>haec</span> <span class='ocrx_word' id='word_1_106' title='bbox 1312 1780 1399 1836; x_wconf 88' lang='lat' dir='ltr'>recta</span> <span class='ocrx_word' id='word_1_107' title='bbox 1435 1793 1506 1835; x_wconf 90' lang='lat' dir='ltr'>esse</span> 
     </span>
     <span class='ocr_line' id='line_1_14' title="bbox 335 1877 1507 1963; baseline 0 -22"><span class='ocrx_word' id='word_1_108' title='bbox 335 1879 456 1963; x_wconf 79' lang='lat' dir='ltr'>putet?</span> <span class='ocrx_word' id='word_1_109' title='bbox 502 1877 550 1940; x_wconf 84' lang='lat' dir='ltr'>Ea</span> <span class='ocrx_word' id='word_1_110' title='bbox 576 1877 665 1940; x_wconf 91' lang='lat' dir='ltr'>enim</span> <span class='ocrx_word' id='word_1_111' title='bbox 696 1899 730 1940; x_wconf 89' lang='lat' dir='ltr'>re</span> <span class='ocrx_word' id='word_1_112' title='bbox 762 1877 833 1940; x_wconf 91' lang='lat' dir='ltr'>sine</span> <span class='ocrx_word' id='word_1_113' title='bbox 858 1877 960 1941; x_wconf 90' lang='lat' dir='ltr'>dubio</span> <span class='ocrx_word' id='word_1_114' title='bbox 985 1885 1185 1962; x_wconf 82' lang='lat' dir='ltr'>spectatores</span> <span class='ocrx_word' id='word_1_115' title='bbox 1211 1880 1371 1960; x_wconf 79' lang='lat' dir='ltr'>languore</span> <span class='ocrx_word' id='word_1_116' title='bbox 1394 1879 1507 1942; x_wconf 81' lang='lat' dir='ltr'>affecti</span> 
     </span>
     <span class='ocr_line' id='line_1_15' title="bbox 337 1983 1506 2069; baseline -0.001 -20"><span class='ocrx_word' id='word_1_117' title='bbox 337 1991 456 2062; x_wconf 83' lang='lat' dir='ltr'>essent,</span> <span class='ocrx_word' id='word_1_118' title='bbox 482 1983 571 2068; x_wconf 90' lang='lat' dir='ltr'>quod</span> <span class='ocrx_word' id='word_1_119' title='bbox 596 1984 714 2048; x_wconf 87' lang='lat' dir='ltr'>vitium</span> <span class='ocrx_word' id='word_1_120' title='bbox 742 1983 1013 2067; x_wconf 79' lang='lat' dir='ltr'>mimograplrum</span> <span class='ocrx_word' id='word_1_121' title='bbox 1047 1985 1226 2049; x_wconf 84' lang='lat' dir='ltr'>vituturam</span> <span class='ocrx_word' id='word_1_122' title='bbox 1252 1986 1356 2050; x_wconf 86' lang='lat' dir='ltr'>fuisse</span> <span class='ocrx_word' id='word_1_123' title='bbox 1380 1992 1506 2069; x_wconf 89' lang='lat' dir='ltr'>putem.</span> 
     </span>
     <span class='ocr_line' id='line_1_16' title="bbox 338 2091 1507 2176; baseline -0.002 -20"><span class='ocrx_word' id='word_1_124' title='bbox 338 2092 525 2156; x_wconf 84' lang='lat' dir='ltr'>Hultrsohii</span> <span class='ocrx_word' id='word_1_125' title='bbox 551 2091 652 2172; x_wconf 78' lang='lat' dir='ltr'>igitur</span> <span class='ocrx_word' id='word_1_126' title='bbox 676 2091 867 2174; x_wconf 85' lang='lat' dir='ltr'>opinionem</span> <span class='ocrx_word' id='word_1_127' title='bbox 894 2093 998 2155; x_wconf 89' lang='lat' dir='ltr'>teneri</span> <span class='ocrx_word' id='word_1_128' title='bbox 1024 2113 1090 2154; x_wconf 93' lang='lat' dir='ltr'>non</span> <span class='ocrx_word' id='word_1_129' title='bbox 1117 2113 1212 2176; x_wconf 88' lang='lat' dir='ltr'>posse</span> <span class='ocrx_word' id='word_1_130' title='bbox 1245 2115 1310 2157; x_wconf 91' lang='lat' dir='ltr'>non</span> <span class='ocrx_word' id='word_1_131' title='bbox 1342 2093 1386 2156; x_wconf 91' lang='lat' dir='ltr'>ita</span> <span class='ocrx_word' id='word_1_132' title='bbox 1411 2092 1507 2156; x_wconf 90' lang='lat' dir='ltr'>multi</span> 
     </span>
     <span class='ocr_line' id='line_1_17' title="bbox 339 2197 1508 2281; baseline -0.002 -18"><span class='ocrx_word' id='word_1_133' title='bbox 339 2197 520 2281; x_wconf 76' lang='lat' dir='ltr'>negabunt,</span> <span class='ocrx_word' id='word_1_134' title='bbox 553 2198 631 2262; x_wconf 88' lang='lat' dir='ltr'>certi</span> <span class='ocrx_word' id='word_1_135' title='bbox 656 2206 768 2261; x_wconf 90' lang='lat' dir='ltr'>autem</span> <span class='ocrx_word' id='word_1_136' title='bbox 793 2197 919 2281; x_wconf 89' lang='lat' dir='ltr'>aliquid</span> <span class='ocrx_word' id='word_1_137' title='bbox 944 2198 985 2262; x_wconf 92' lang='lat' dir='ltr'>de</span> <span class='ocrx_word' id='word_1_138' title='bbox 1020 2199 1072 2262; x_wconf 91' lang='lat' dir='ltr'>his</span> <span class='ocrx_word' id='word_1_139' title='bbox 1109 2199 1261 2263; x_wconf 87' lang='lat' dir='ltr'>versibus</span> <span class='ocrx_word' id='word_1_140' title='bbox 1297 2199 1404 2264; x_wconf 88' lang='lat' dir='ltr'>dicere</span> <span class='ocrx_word' id='word_1_141' title='bbox 1441 2221 1508 2262; x_wconf 80' lang='lat' dir='ltr'>rion</span> 
     </span>
     <span class='ocr_line' id='line_1_18' title="bbox 339 2305 1507 2392; baseline -0.003 -21"><span class='ocrx_word' id='word_1_142' title='bbox 339 2328 527 2392; x_wconf 87' lang='lat' dir='ltr'>possumus.</span> <span class='ocrx_word' id='word_1_143' title='bbox 591 2305 744 2369; x_wconf 87' lang='lat' dir='ltr'>Fortasse</span> <span class='ocrx_word' id='word_1_144' title='bbox 782 2305 815 2367; x_wconf 90' lang='lat' dir='ltr'>in</span> <span class='ocrx_word' id='word_1_145' title='bbox 857 2305 909 2368; x_wconf 93' lang='lat' dir='ltr'>his</span> <span class='ocrx_word' id='word_1_146' title='bbox 948 2305 1100 2370; x_wconf 80' lang='lat' dir='ltr'>versibus</span> <span class='ocrx_word' id='word_1_147' title='bbox 1140 2305 1293 2392; x_wconf 76' lang='lat' dir='ltr'>(or—64)</span> <span class='ocrx_word' id='word_1_148' title='bbox 1331 2305 1507 2370; x_wconf 91' lang='lat' dir='ltr'>nominum</span> 
     </span>
     <span class='ocr_line' id='line_1_19' title="bbox 339 2413 1510 2504; baseline -0.009 -17"><span class='ocrx_word' id='word_1_149' title='bbox 339 2423 526 2504; x_wconf 81' lang='lat' dir='ltr'>catalogum</span> <span class='ocrx_word' id='word_1_150' title='bbox 564 2417 671 2479; x_wconf 89' lang='lat' dir='ltr'>inesse</span> <span class='ocrx_word' id='word_1_151' title='bbox 696 2413 832 2476; x_wconf 86' lang='lat' dir='ltr'>Crusius</span> <span class='ocrx_word' id='word_1_152' title='bbox 858 2418 943 2476; x_wconf 87' lang='lat' dir='ltr'>recte</span> <span class='ocrx_word' id='word_1_153' title='bbox 967 2413 1074 2489; x_wconf 81' lang='lat' dir='ltr'>affert,</span> <span class='ocrx_word' id='word_1_154' title='bbox 1111 2435 1197 2497; x_wconf 90' lang='lat' dir='ltr'>quae</span> <span class='ocrx_word' id='word_1_155' title='bbox 1233 2415 1346 2498; x_wconf 89' lang='lat' dir='ltr'>opinio</span> <span class='ocrx_word' id='word_1_156' title='bbox 1370 2415 1510 2477; x_wconf 85' lang='lat' dir='ltr'>fortasse</span> 
     </span>
     <span class='ocr_line' id='line_1_20' title="bbox 339 2519 1510 2614; baseline -0.008 -23"><span class='ocrx_word' id='word_1_157' title='bbox 339 2536 513 2614; x_wconf 89' lang='lat' dir='ltr'>propterea</span> <span class='ocrx_word' id='word_1_158' title='bbox 530 2521 712 2610; x_wconf 87' lang='lat' dir='ltr'>probabilis</span> <span class='ocrx_word' id='word_1_159' title='bbox 729 2542 800 2584; x_wconf 90' lang='lat' dir='ltr'>esse</span> <span class='ocrx_word' id='word_1_160' title='bbox 816 2519 969 2583; x_wconf 84' lang='lat' dir='ltr'>videatur</span> <span class='ocrx_word' id='word_1_161' title='bbox 984 2519 1072 2603; x_wconf 90' lang='lat' dir='ltr'>quod</span> <span class='ocrx_word' id='word_1_162' title='bbox 1098 2521 1230 2603; x_wconf 85' lang='lat' dir='ltr'>singula</span> <span class='ocrx_word' id='word_1_163' title='bbox 1254 2521 1354 2585; x_wconf 87' lang='lat' dir='ltr'>verba</span> <span class='ocrx_word' id='word_1_164' title='bbox 1378 2520 1510 2604; x_wconf 87' lang='lat' dir='ltr'>punctis</span> 
     </span>
     <span class='ocr_line' id='line_1_21' title="bbox 341 2626 1510 2710; baseline -0.01 -9"><span class='ocrx_word' id='word_1_165' title='bbox 341 2645 419 2702; x_wconf 90' lang='lat' dir='ltr'>sunt</span> <span class='ocrx_word' id='word_1_166' title='bbox 443 2633 559 2698; x_wconf 91' lang='lat' dir='ltr'>divisa.</span> <span class='ocrx_word' id='word_1_167' title='bbox 618 2629 794 2694; x_wconf 89' lang='lat' dir='ltr'>Nescimus</span> <span class='ocrx_word' id='word_1_168' title='bbox 830 2626 976 2710; x_wconf 81' lang='lat' dir='ltr'>quidem,</span> <span class='ocrx_word' id='word_1_169' title='bbox 1014 2627 1066 2690; x_wconf 89' lang='lat' dir='ltr'>cui</span> <span class='ocrx_word' id='word_1_170' title='bbox 1102 2627 1190 2691; x_wconf 90' lang='lat' dir='ltr'>bono</span> <span class='ocrx_word' id='word_1_171' title='bbox 1220 2650 1277 2691; x_wconf 87' lang='lat' dir='ltr'>rex</span> <span class='ocrx_word' id='word_1_172' title='bbox 1301 2628 1510 2710; x_wconf 82' lang='lat' dir='ltr'>singulorum</span> 
     </span>
     <span class='ocr_line' id='line_1_22' title="bbox 341 2733 1512 2817; baseline -0.009 -9"><span class='ocrx_word' id='word_1_173' title='bbox 341 2739 488 2809; x_wconf 85' lang='lat' dir='ltr'>virorum</span> <span class='ocrx_word' id='word_1_174' title='bbox 515 2739 652 2802; x_wconf 90' lang='lat' dir='ltr'>nomina</span> <span class='ocrx_word' id='word_1_175' title='bbox 677 2742 780 2810; x_wconf 81' lang='lat' dir='ltr'>vocet,</span> <span class='ocrx_word' id='word_1_176' title='bbox 807 2733 863 2797; x_wconf 88' lang='lat' dir='ltr'>sed</span> <span class='ocrx_word' id='word_1_177' title='bbox 889 2740 1089 2817; x_wconf 87' lang='lat' dir='ltr'>spectatores</span> <span class='ocrx_word' id='word_1_178' title='bbox 1113 2735 1179 2798; x_wconf 90' lang='lat' dir='ltr'>iam</span> <span class='ocrx_word' id='word_1_179' title='bbox 1204 2735 1351 2798; x_wconf 84' lang='lat' dir='ltr'>secundo</span> <span class='ocrx_word' id='word_1_180' title='bbox 1375 2735 1512 2799; x_wconf 89' lang='lat' dir='ltr'>nomine</span> 
     </span>
     <span class='ocr_line' id='line_1_23' title="bbox 342 2841 1512 2928; baseline -0.009 -13"><span class='ocrx_word' id='word_1_181' title='bbox 342 2857 459 2916; x_wconf 89' lang='lat' dir='ltr'>vocato</span> <span class='ocrx_word' id='word_1_182' title='bbox 495 2847 576 2910; x_wconf 87' lang='lat' dir='ltr'>scire</span> <span class='ocrx_word' id='word_1_183' title='bbox 608 2849 770 2928; x_wconf 72' lang='lat' dir='ltr'>poterant,</span> <span class='ocrx_word' id='word_1_184' title='bbox 805 2861 891 2924; x_wconf 88' lang='lat' dir='ltr'>quae</span> <span class='ocrx_word' id='word_1_185' title='bbox 928 2862 978 2904; x_wconf 90' lang='lat' dir='ltr'>res</span> <span class='ocrx_word' id='word_1_186' title='bbox 1008 2849 1194 2924; x_wconf 82' lang='lat' dir='ltr'>agerentur.</span> <span class='ocrx_word' id='word_1_187' title='bbox 1254 2841 1296 2905; x_wconf 84' lang='lat' dir='ltr'>Et</span> <span class='ocrx_word' id='word_1_188' title='bbox 1320 2843 1348 2905; x_wconf 87' lang='lat' dir='ltr'>si</span> <span class='ocrx_word' id='word_1_189' title='bbox 1371 2843 1512 2905; x_wconf 85' lang='lat' dir='ltr'>fortasse</span> 
     </span>
     <span class='ocr_line' id='line_1_24' title="bbox 343 2948 1512 3032; baseline -0.009 -10"><span class='ocrx_word' id='word_1_190' title='bbox 343 2956 475 3022; x_wconf 86' lang='lat' dir='ltr'>barbari</span> <span class='ocrx_word' id='word_1_191' title='bbox 511 2952 627 3016; x_wconf 88' lang='lat' dir='ltr'>inseite</span> <span class='ocrx_word' id='word_1_192' title='bbox 651 2955 728 3013; x_wconf 92' lang='lat' dir='ltr'>ante</span> <span class='ocrx_word' id='word_1_193' title='bbox 764 2969 874 3030; x_wconf 78' lang='lat' dir='ltr'>regem</span> <span class='ocrx_word' id='word_1_194' title='bbox 909 2948 1016 3032; x_wconf 88' lang='lat' dir='ltr'>capita</span> <span class='ocrx_word' id='word_1_195' title='bbox 1050 2948 1257 3012; x_wconf 85' lang='lat' dir='ltr'>inclinabant</span> <span class='ocrx_word' id='word_1_196' title='bbox 1291 2949 1364 3012; x_wconf 88' lang='lat' dir='ltr'>illos</span> <span class='ocrx_word' id='word_1_197' title='bbox 1390 2969 1512 3030; x_wconf 82' lang='lat' dir='ltr'>magno</span> 
     </span>
     <span class='ocr_line' id='line_1_25' title="bbox 343 3054 1513 3149; baseline -0.009 -20"><span class='ocrx_word' id='word_1_198' title='bbox 343 3064 466 3149; x_wconf 81' lang='lat' dir='ltr'>gaudio</span> <span class='ocrx_word' id='word_1_199' title='bbox 501 3058 683 3124; x_wconf 87' lang='lat' dir='ltr'>exsultasse</span> <span class='ocrx_word' id='word_1_200' title='bbox 719 3055 898 3122; x_wconf 88' lang='lat' dir='ltr'>verisimile</span> <span class='ocrx_word' id='word_1_201' title='bbox 933 3062 990 3118; x_wconf 91' lang='lat' dir='ltr'>est.</span> <span class='ocrx_word' id='word_1_202' title='bbox 1051 3054 1114 3118; x_wconf 84' lang='lat' dir='ltr'>Sed</span> <span class='ocrx_word' id='word_1_203' title='bbox 1151 3055 1314 3140; x_wconf 87' lang='lat' dir='ltr'>quidquid</span> <span class='ocrx_word' id='word_1_204' title='bbox 1351 3055 1513 3120; x_wconf 88' lang='lat' dir='ltr'>hocloco</span> 
     </span>
     <span class='ocr_line' id='line_1_26' title="bbox 344 3161 1051 3254; baseline -0.017 -18"><span class='ocrx_word' id='word_1_205' title='bbox 344 3172 453 3254; x_wconf 83' lang='lat' dir='ltr'>agitur</span> <span class='ocrx_word' id='word_1_206' title='bbox 476 3166 612 3253; x_wconf 87' lang='lat' dir='ltr'>plurimi</span> <span class='ocrx_word' id='word_1_207' title='bbox 636 3173 748 3247; x_wconf 84' lang='lat' dir='ltr'>gestus</span> <span class='ocrx_word' id='word_1_208' title='bbox 773 3169 850 3226; x_wconf 84' lang='lat' dir='ltr'>sunt</span> <span class='ocrx_word' id='word_1_209' title='bbox 874 3161 1051 3225; x_wconf 87' lang='lat' dir='ltr'>statuendi.</span> 
     </span>
    </p>

    <p class='ocr_par' dir='ltr' id='par_1_3' title="bbox 345 3268 1517 3902">
     <span class='ocr_line' id='line_1_27' title="bbox 451 3268 1513 3354; baseline -0.008 -14"><span class='ocrx_word' id='word_1_210' title='bbox 451 3277 490 3340; x_wconf 89' lang='lat' dir='ltr'>ln</span> <span class='ocrx_word' id='word_1_211' title='bbox 530 3273 669 3354; x_wconf 78' lang='lat' dir='ltr'>catalogi</span> <span class='ocrx_word' id='word_1_212' title='bbox 709 3272 775 3334; x_wconf 91' lang='lat' dir='ltr'>line</span> <span class='ocrx_word' id='word_1_213' title='bbox 814 3269 916 3334; x_wconf 90' lang='lat' dir='ltr'>verbo</span> <span class='ocrx_word' id='word_1_214' title='bbox 955 3295 1072 3348; x_wconf 76' lang='grc' dir='ltr'><strong><em>κοκτως</em></strong></span> <span class='ocrx_word' id='word_1_215' title='bbox 1111 3269 1162 3332; x_wconf 90' lang='lat' dir='ltr'>bis</span> <span class='ocrx_word' id='word_1_216' title='bbox 1206 3269 1326 3333; x_wconf 93' lang='lat' dir='ltr'>audito</span> <span class='ocrx_word' id='word_1_217' title='bbox 1359 3268 1513 3353; x_wconf 90' lang='lat' dir='ltr'>stupidus</span> 
     </span>
     <span class='ocr_line' id='line_1_28' title="bbox 345 3376 1513 3460; baseline -0.012 -9"><span class='ocrx_word' id='word_1_218' title='bbox 345 3386 508 3450; x_wconf 87' lang='lat' dir='ltr'>exclamat</span> <span class='ocrx_word' id='word_1_219' title='bbox 548 3408 666 3458; x_wconf 74' lang='grc' dir='ltr'><strong><em>κοκτως</em></strong></span> <span class='ocrx_word' id='word_1_220' title='bbox 704 3381 791 3459; x_wconf 74' lang='grc' dir='ltr'>ὑμᾶς</span> <span class='ocrx_word' id='word_1_221' title='bbox 830 3380 1028 3450; x_wconf 68' lang='lat' dir='ltr'>laudumo,</span> <span class='ocrx_word' id='word_1_222' title='bbox 1069 3397 1171 3460; x_wconf 85' lang='lat' dir='ltr'>quam</span> <span class='ocrx_word' id='word_1_223' title='bbox 1218 3376 1259 3439; x_wconf 91' lang='lat' dir='ltr'>ad</span> <span class='ocrx_word' id='word_1_224' title='bbox 1305 3398 1373 3439; x_wconf 88' lang='lat' dir='ltr'>rem</span> <span class='ocrx_word' id='word_1_225' title='bbox 1414 3376 1513 3440; x_wconf 90' lang='lat' dir='ltr'>velim</span> 
     </span>
     <span class='ocr_line' id='line_1_29' title="bbox 346 3482 1516 3576; baseline -0.01 -19"><span class='ocrx_word' id='word_1_226' title='bbox 346 3493 498 3557; x_wconf 89' lang='lat' dir='ltr'>conferas</span> <span class='ocrx_word' id='word_1_227' title='bbox 523 3488 629 3552; x_wconf 91' lang='lat' dir='ltr'>Plaut.</span> <span class='ocrx_word' id='word_1_228' title='bbox 654 3485 742 3549; x_wconf 88' lang='lat' dir='ltr'>Rud.</span> <span class='ocrx_word' id='word_1_229' title='bbox 771 3485 865 3560; x_wconf 69' lang='lat'>1225,</span> <span class='ocrx_word' id='word_1_230' title='bbox 891 3505 958 3566; x_wconf 84' lang='lat' dir='ltr'>quo</span> <span class='ocrx_word' id='word_1_231' title='bbox 982 3482 1053 3546; x_wconf 91' lang='lat' dir='ltr'>loco</span> <span class='ocrx_word' id='word_1_232' title='bbox 1078 3483 1253 3547; x_wconf 89' lang='lat' dir='ltr'>Trachalio</span> <span class='ocrx_word' id='word_1_233' title='bbox 1281 3505 1413 3576; x_wconf 85' lang='lat' dir='ltr'>semper</span> <span class='ocrx_word' id='word_1_234' title='bbox 1437 3483 1516 3546; x_wconf 88' lang='lat' dir='ltr'>dicit</span> 
     </span>
     <span class='ocr_line' id='line_1_30' title="bbox 346 3590 1517 3683; baseline -0.008 -22"><span class='ocrx_word' id='word_1_235' title='bbox 346 3601 446 3683; x_wconf 74' lang='lat' dir='ltr'>‚lieet‘‚</span> <span class='ocrx_word' id='word_1_236' title='bbox 482 3603 553 3659; x_wconf 91' lang='lat' dir='ltr'>tum</span> <span class='ocrx_word' id='word_1_237' title='bbox 593 3595 782 3657; x_wconf 87' lang='lat' dir='ltr'>Daemones</span> <span class='ocrx_word' id='word_1_238' title='bbox 818 3590 996 3674; x_wconf 85' lang='lat' dir='ltr'>respondet</span> <span class='ocrx_word' id='word_1_239' title='bbox 1028 3591 1158 3672; x_wconf 73' lang='lat' dir='ltr'>,Licet</span> <span class='ocrx_word' id='word_1_240' title='bbox 1188 3591 1328 3674; x_wconf 76' lang='grc' dir='ltr'>(κοκκως)</span> <span class='ocrx_word' id='word_1_241' title='bbox 1365 3590 1517 3654; x_wconf 77' lang='lat' dir='ltr'>Hercules</span> 
     </span>
     <span class='ocr_line' id='line_1_31' title="bbox 346 3699 1514 3787; baseline -0.009 -18"><span class='ocrx_word' id='word_1_242' title='bbox 346 3709 441 3770; x_wconf 74' lang='lat' dir='ltr'>istum</span> <span class='ocrx_word' id='word_1_243' title='bbox 467 3703 653 3787; x_wconf 77' lang='lat' dir='ltr'>infelicet</span> <span class='ocrx_word' id='word_1_244' title='bbox 674 3722 743 3764; x_wconf 82' lang='lat' dir='ltr'>curn</span> <span class='ocrx_word' id='word_1_245' title='bbox 767 3721 825 3762; x_wconf 83' lang='lat' dir='ltr'>scu</span> <span class='ocrx_word' id='word_1_246' title='bbox 856 3699 1033 3762; x_wconf 80' lang='lat' dir='ltr'>licentio.</span> <span class='ocrx_word' id='word_1_247' title='bbox 1080 3699 1235 3762; x_wconf 78' lang='lat' dir='ltr'>Ituraeos</span> <span class='ocrx_word' id='word_1_248' title='bbox 1259 3699 1393 3779; x_wconf 72' lang='lat' dir='ltr'>ruplevit</span> <span class='ocrx_word' id='word_1_249' title='bbox 1414 3717 1514 3760; x_wconf 81' lang='lat' dir='ltr'>cures.</span> 
     </span>
     <span class='ocr_line' id='line_1_32' title="bbox 352 3805 1186 3902; baseline -0.01 -25"><span class='ocrx_word' id='word_1_250' title='bbox 352 3812 515 3894; x_wconf 71' lang='lat' dir='ltr'>Qlltdqutd</span> <span class='ocrx_word' id='word_1_251' title='bbox 538 3809 749 3902; x_wconf 75' lang='lat' dir='ltr'>irremorolmm</span> <span class='ocrx_word' id='word_1_252' title='bbox 774 3806 863 3888; x_wconf 79' lang='lat' dir='ltr'>,licet‘</span> <span class='ocrx_word' id='word_1_253' title='bbox 888 3813 919 3868; x_wconf 92' lang='lat' dir='ltr'>et</span> <span class='ocrx_word' id='word_1_254' title='bbox 945 3805 998 3868; x_wconf 78' lang='lat' dir='ltr'>Ar.</span> <span class='ocrx_word' id='word_1_255' title='bbox 1025 3826 1094 3868; x_wconf 91' lang='lat' dir='ltr'>ran.</span> <span class='ocrx_word' id='word_1_256' title='bbox 1122 3807 1186 3869; x_wconf 79' lang='lat'>230</span> 
     </span>
    </p>
   </div>
   <div class='ocr_carea' id='block_1_3' title="bbox 350 3908 1521 4662">
    <p class='ocr_par' dir='ltr' id='par_1_4' title="bbox 350 3908 1521 4662">
     <span class='ocr_line' id='line_1_33' title="bbox 561 3908 1077 4000; baseline -0.008 -19"><span class='ocrx_word' id='word_1_257' title='bbox 561 3926 642 3981; x_wconf 71' lang='lat' dir='ltr'>But.</span> <span class='ocrx_word' id='word_1_258' title='bbox 679 3919 868 4000; x_wconf 67' lang='lat' dir='ltr'>descensuri}</span> <span class='ocrx_word' id='word_1_259' title='bbox 891 3908 972 3990; x_wconf 71' lang='grc' dir='ltr'><strong><em>κοάξ</em></strong></span> <span class='ocrx_word' id='word_1_260' title='bbox 995 3911 1077 3988; x_wconf 77' lang='grc' dir='ltr'><strong><em>κοάξ</em></strong></span> 
     </span>
     <span class='ocr_line' id='line_1_34' title="bbox 561 4011 1175 4110; baseline -0.015 -21"><span class='ocrx_word' id='word_1_261' title='bbox 561 4033 629 4090; x_wconf 79' lang='lat' dir='ltr'>Aeo.</span> <span class='ocrx_word' id='word_1_262' title='bbox 684 4023 754 4088; x_wconf 69' lang='grc' dir='ltr'><em>ἀλλ’</em></span> <span class='ocrx_word' id='word_1_263' title='bbox 779 4011 1061 4110; x_wconf 39' lang='grc' dir='ltr'>ἐξόλοισθ”αὐτῷ</span> <span class='ocrx_word' id='word_1_264' title='bbox 1083 4018 1175 4098; x_wconf 74' lang='grc' dir='ltr'><strong><em>κοάξ.</em></strong></span> 
     </span>
     <span class='ocr_line' id='line_1_35' title="bbox 455 4146 1519 4230; baseline -0.008 -16"><span class='ocrx_word' id='word_1_265' title='bbox 455 4150 582 4215; x_wconf 89' lang='lat' dir='ltr'>Versus</span> <span class='ocrx_word' id='word_1_266' title='bbox 607 4151 648 4213; x_wconf 81' lang='lat'>68</span> <span class='ocrx_word' id='word_1_267' title='bbox 674 4147 813 4210; x_wconf 89' lang='lat' dir='ltr'>Winteri</span> <span class='ocrx_word' id='word_1_268' title='bbox 849 4146 1076 4230; x_wconf 90' lang='lat' dir='ltr'>interpretatio</span> <span class='ocrx_word' id='word_1_269' title='bbox 1101 4151 1187 4208; x_wconf 85' lang='lat' dir='ltr'>recta</span> <span class='ocrx_word' id='word_1_270' title='bbox 1212 4165 1283 4208; x_wconf 90' lang='lat' dir='ltr'>esse</span> <span class='ocrx_word' id='word_1_271' title='bbox 1320 4166 1385 4207; x_wconf 91' lang='lat' dir='ltr'>non</span> <span class='ocrx_word' id='word_1_272' title='bbox 1412 4150 1519 4228; x_wconf 89' lang='lat' dir='ltr'>potest</span> 
     </span>
     <span class='ocr_line' id='line_1_36' title="bbox 350 4251 1520 4344; baseline -0.006 -21"><span class='ocrx_word' id='word_1_273' title='bbox 350 4262 415 4344; x_wconf 80' lang='lat' dir='ltr'>(pg.</span> <span class='ocrx_word' id='word_1_274' title='bbox 440 4261 494 4338; x_wconf 79' lang='lat'>48)</span> <span class='ocrx_word' id='word_1_275' title='bbox 531 4257 574 4333; x_wconf 81' lang='lat' dir='ltr'>,in</span> <span class='ocrx_word' id='word_1_276' title='bbox 611 4255 726 4319; x_wconf 91' lang='lat' dir='ltr'>litteris</span> <span class='ocrx_word' id='word_1_277' title='bbox 764 4256 1043 4342; x_wconf 78' lang='grc' dir='ltr'><strong><em>ζεισουκορμοςηόε</em></strong></span> <span class='ocrx_word' id='word_1_278' title='bbox 1073 4251 1205 4315; x_wconf 85' lang='lat' dir='ltr'>ridetur</span> <span class='ocrx_word' id='word_1_279' title='bbox 1238 4252 1345 4315; x_wconf 88' lang='lat' dir='ltr'>inesse</span> <span class='ocrx_word' id='word_1_280' title='bbox 1382 4255 1429 4330; x_wconf 78' lang='grc' dir='ltr'>ζεῑ</span> <span class='ocrx_word' id='word_1_281' title='bbox 1464 4273 1520 4317; x_wconf 85' lang='grc' dir='ltr'>σου</span> 
     </span>
     <span class='ocr_line' id='line_1_37' title="bbox 350 4358 1521 4452; baseline -0.011 -19"><span class='ocrx_word' id='word_1_282' title='bbox 350 4375 478 4452; x_wconf 54' lang='lat' dir='ltr'>rodopa</span> <span class='ocrx_word' id='word_1_283' title='bbox 494 4361 560 4443; x_wconf 59' lang='grc' dir='ltr'>ὄζει</span> <span class='ocrx_word' id='word_1_284' title='bbox 573 4364 611 4430; x_wconf 76' lang='grc' dir='ltr'>δέ</span> <span class='ocrx_word' id='word_1_285' title='bbox 625 4362 865 4448; x_wconf 78' lang='lat' dir='ltr'>(effervescitne</span> <span class='ocrx_word' id='word_1_286' title='bbox 879 4368 974 4424; x_wconf 93' lang='lat' dir='ltr'>tuum</span> <span class='ocrx_word' id='word_1_287' title='bbox 989 4360 1154 4443; x_wconf 78' lang='lat' dir='ltr'>zythum?</span> <span class='ocrx_word' id='word_1_288' title='bbox 1180 4358 1290 4434; x_wconf 75' lang='lat' dir='ltr'>Quam</span> <span class='ocrx_word' id='word_1_289' title='bbox 1306 4358 1521 4421; x_wconf 87' lang='lat' dir='ltr'>vehementer</span> 
     </span>
     <span class='ocr_line' id='line_1_38' title="bbox 351 4463 1519 4558; baseline -0.009 -21"><span class='ocrx_word' id='word_1_290' title='bbox 351 4472 446 4558; x_wconf 80' lang='lat' dir='ltr'>oleti)</span> <span class='ocrx_word' id='word_1_291' title='bbox 479 4471 583 4534; x_wconf 91' lang='lat' dir='ltr'>Indus</span> <span class='ocrx_word' id='word_1_292' title='bbox 614 4471 703 4535; x_wconf 90' lang='lat' dir='ltr'>enim</span> <span class='ocrx_word' id='word_1_293' title='bbox 741 4469 810 4533; x_wconf 89' lang='lat' dir='ltr'>vini</span> <span class='ocrx_word' id='word_1_294' title='bbox 846 4469 981 4551; x_wconf 76' lang='lat' dir='ltr'>ignarus</span> <span class='ocrx_word' id='word_1_295' title='bbox 1006 4465 1182 4554; x_wconf 72' lang='lat' dir='ltr'>xodpprid</span> <span class='ocrx_word' id='word_1_296' title='bbox 1208 4487 1278 4528; x_wconf 78' lang='lat' dir='ltr'>esse</span> <span class='ocrx_word' id='word_1_297' title='bbox 1304 4473 1404 4541; x_wconf 76' lang='lat' dir='ltr'>ratus,</span> <span class='ocrx_word' id='word_1_298' title='bbox 1430 4463 1519 4548; x_wconf 86' lang='lat' dir='ltr'>quod</span> 
     </span>
     <span class='ocr_line' id='line_1_39' title="bbox 352 4571 1521 4662; baseline -0.01 -15"><span class='ocrx_word' id='word_1_299' title='bbox 352 4580 467 4647; x_wconf 84' lang='lat' dir='ltr'>eodem</span> <span class='ocrx_word' id='word_1_300' title='bbox 506 4578 604 4642; x_wconf 90' lang='lat' dir='ltr'>modo</span> <span class='ocrx_word' id='word_1_301' title='bbox 639 4585 739 4662; x_wconf 87' lang='lat' dir='ltr'>atque</span> <span class='ocrx_word' id='word_1_302' title='bbox 775 4576 926 4661; x_wconf 91' lang='lat' dir='ltr'>potiones</span> <span class='ocrx_word' id='word_1_303' title='bbox 955 4574 1089 4638; x_wconf 85' lang='lat' dir='ltr'>indicae</span> <span class='ocrx_word' id='word_1_304' title='bbox 1124 4595 1164 4637; x_wconf 86' lang='lat' dir='ltr'>ex</span> <span class='ocrx_word' id='word_1_305' title='bbox 1201 4594 1298 4656; x_wconf 76' lang='lat' dir='ltr'>oryza</span> <span class='ocrx_word' id='word_1_306' title='bbox 1332 4593 1373 4635; x_wconf 88' lang='lat' dir='ltr'>ex</span> <span class='ocrx_word' id='word_1_307' title='bbox 1397 4571 1521 4636; x_wconf 92' lang='lat' dir='ltr'>hordeo</span> 
     </span>
    </p>
   </div>
   <div class='ocr_carea' id='block_1_4' title="bbox 0 0 1826 5390">
    <p class='ocr_par' dir='ltr' id='par_1_5' title="bbox 0 0 1826 5390">
     <span class='ocr_line' id='line_1_40' title="bbox 0 0 1826 5390; baseline 0 0"><span class='ocrx_word' id='word_1_308' title='bbox 0 0 1826 5390; x_wconf 95' lang='lat' dir='ltr'> </span> 
     </span>
    </p>
   </div>
  </div>
 </body>
</html>
