<?xml version="1.0" encoding="UTF-8"?>
<!DOCTYPE html PUBLIC "-//W3C//DTD XHTML 1.0 Transitional//EN"
    "http://www.w3.org/TR/xhtml1/DTD/xhtml1-transitional.dtd">
<html xmlns="http://www.w3.org/1999/xhtml" xml:lang="en" lang="en">
 <head>
  <title>
</title>
<meta http-equiv="Content-Type" content="text/html;charset=utf-8" />
  <meta name='ocr-system' content='tesseract 3.04.00' />
  <meta name='ocr-capabilities' content='ocr_page ocr_carea ocr_par ocr_line ocrx_word'/>
</head>
<body>
  <div class='ocr_page' id='page_1' title='image "./decharitiomimoo01knokgoog_0023.png"; bbox 0 0 3578 5390; ppageno 0'>
   <div class='ocr_carea' id='block_1_1' title="bbox 824 1084 1050 1187">
    <p class='ocr_par' dir='ltr' id='par_1_1' title="bbox 824 1084 1050 1187">
     <span class='ocr_line' id='line_1_1' title="bbox 824 1084 1050 1187; baseline -0.013 -18"><span class='ocrx_word' id='word_1_1' title='bbox 824 1084 965 1187; x_wconf 81' lang='lat' dir='ltr'>Caput</span> <span class='ocrx_word' id='word_1_2' title='bbox 992 1087 1050 1168; x_wconf 84' lang='grc' dir='ltr'>ΙΙ.</span> 
     </span>
    </p>
   </div>
   <div class='ocr_carea' id='block_1_2' title="bbox 679 1282 1194 1349">
    <p class='ocr_par' dir='ltr' id='par_1_2' title="bbox 679 1282 1194 1349">
     <span class='ocr_line' id='line_1_2' title="bbox 679 1282 1194 1349; baseline 0.002 -11"><span class='ocrx_word' id='word_1_3' title='bbox 679 1284 735 1340; x_wconf 79' lang='lat' dir='ltr'>De</span> <span class='ocrx_word' id='word_1_4' title='bbox 757 1287 998 1349; x_wconf 66' lang='lat' dir='ltr'>argumento</span> <span class='ocrx_word' id='word_1_5' title='bbox 1019 1282 1194 1339; x_wconf 76' lang='lat' dir='ltr'>fanniae.</span> 
     </span>
    </p>
   </div>
   <div class='ocr_carea' id='block_1_3' title="bbox 339 1391 1525 4690">
    <p class='ocr_par' dir='ltr' id='par_1_3' title="bbox 340 1391 1525 4365">
     <span class='ocr_line' id='line_1_3' title="bbox 381 1391 1522 1480; baseline 0.002 -26"><span class='ocrx_word' id='word_1_6' title='bbox 381 1474 385 1480; x_wconf 91' lang='lat'>.</span> <span class='ocrx_word' id='word_1_7' title='bbox 458 1391 553 1454; x_wconf 87' lang='lat' dir='ltr'>Mirni</span> <span class='ocrx_word' id='word_1_8' title='bbox 570 1393 671 1455; x_wconf 90' lang='lat' dir='ltr'>nostri</span> <span class='ocrx_word' id='word_1_9' title='bbox 690 1392 865 1456; x_wconf 84' lang='lat' dir='ltr'>exordium</span> <span class='ocrx_word' id='word_1_10' title='bbox 890 1414 955 1455; x_wconf 93' lang='lat' dir='ltr'>non</span> <span class='ocrx_word' id='word_1_11' title='bbox 975 1393 1143 1475; x_wconf 86' lang='lat' dir='ltr'>integrum</span> <span class='ocrx_word' id='word_1_12' title='bbox 1165 1399 1213 1455; x_wconf 90' lang='lat' dir='ltr'>est</span> <span class='ocrx_word' id='word_1_13' title='bbox 1229 1391 1398 1456; x_wconf 90' lang='lat' dir='ltr'>traditum.</span> <span class='ocrx_word' id='word_1_14' title='bbox 1435 1391 1522 1456; x_wconf 87' lang='lat' dir='ltr'>Nam</span> 
     </span>
     <span class='ocr_line' id='line_1_4' title="bbox 350 1497 1523 1584; baseline 0.001 -23"><span class='ocrx_word' id='word_1_15' title='bbox 350 1521 428 1562; x_wconf 89' lang='lat' dir='ltr'>oum</span> <span class='ocrx_word' id='word_1_16' title='bbox 463 1499 660 1577; x_wconf 81' lang='lat' dir='ltr'>Charitinm,</span> <span class='ocrx_word' id='word_1_17' title='bbox 701 1520 787 1583; x_wconf 90' lang='lat' dir='ltr'>quae</span> <span class='ocrx_word' id='word_1_18' title='bbox 823 1500 938 1563; x_wconf 91' lang='lat' dir='ltr'>Lunae</span> <span class='ocrx_word' id='word_1_19' title='bbox 978 1499 1161 1564; x_wconf 85' lang='lat' dir='ltr'>sacerdotio</span> <span class='ocrx_word' id='word_1_20' title='bbox 1199 1521 1352 1584; x_wconf 88' lang='lat' dir='ltr'>praeesse</span> <span class='ocrx_word' id='word_1_21' title='bbox 1392 1497 1523 1564; x_wconf 88' lang='lat' dir='ltr'>videtur</span> 
     </span>
     <span class='ocr_line' id='line_1_5' title="bbox 349 1607 1523 1692; baseline 0 -22"><span class='ocrx_word' id='word_1_22' title='bbox 349 1609 391 1686; x_wconf 85' lang='lat' dir='ltr'>(v.</span> <span class='ocrx_word' id='word_1_23' title='bbox 419 1608 460 1670; x_wconf 80' lang='lat'>88</span> <span class='ocrx_word' id='word_1_24' title='bbox 486 1611 550 1686; x_wconf 86' lang='lat' dir='ltr'>ss),</span> <span class='ocrx_word' id='word_1_25' title='bbox 585 1628 652 1691; x_wconf 94' lang='lat' dir='ltr'>qno</span> <span class='ocrx_word' id='word_1_26' title='bbox 685 1614 782 1692; x_wconf 87' lang='lat' dir='ltr'>pacto</span> <span class='ocrx_word' id='word_1_27' title='bbox 811 1629 828 1670; x_wconf 89' lang='lat' dir='ltr'>e</span> <span class='ocrx_word' id='word_1_28' title='bbox 854 1607 1072 1671; x_wconf 87' lang='lat' dir='ltr'>harbarorum</span> <span class='ocrx_word' id='word_1_29' title='bbox 1107 1607 1265 1670; x_wconf 86' lang='lat' dir='ltr'>manibus</span> <span class='ocrx_word' id='word_1_30' title='bbox 1301 1607 1452 1682; x_wconf 73' lang='lat' dir='ltr'>evaserit,</span> <span class='ocrx_word' id='word_1_31' title='bbox 1477 1608 1523 1670; x_wconf 94' lang='lat' dir='ltr'>in-</span> 
     </span>
     <span class='ocr_line' id='line_1_6' title="bbox 348 1713 1523 1799; baseline 0.001 -23"><span class='ocrx_word' id='word_1_32' title='bbox 348 1713 555 1796; x_wconf 72' lang='lat' dir='ltr'>tellegamus</span> <span class='ocrx_word' id='word_1_33' title='bbox 592 1720 705 1777; x_wconf 91' lang='lat' dir='ltr'>contra</span> <span class='ocrx_word' id='word_1_34' title='bbox 741 1735 808 1799; x_wconf 91' lang='lat' dir='ltr'>quo</span> <span class='ocrx_word' id='word_1_35' title='bbox 844 1714 944 1778; x_wconf 90' lang='lat' dir='ltr'>modo</span> <span class='ocrx_word' id='word_1_36' title='bbox 980 1714 1014 1777; x_wconf 91' lang='lat' dir='ltr'>in</span> <span class='ocrx_word' id='word_1_37' title='bbox 1038 1714 1111 1778; x_wconf 78' lang='lat' dir='ltr'>illus</span> <span class='ocrx_word' id='word_1_38' title='bbox 1148 1715 1299 1796; x_wconf 78' lang='lat' dir='ltr'>regiones</span> <span class='ocrx_word' id='word_1_39' title='bbox 1334 1715 1523 1799; x_wconf 86' lang='lat' dir='ltr'>pervenerit</span> 
     </span>
     <span class='ocr_line' id='line_1_7' title="bbox 349 1819 1522 1904; baseline 0.002 -22"><span class='ocrx_word' id='word_1_40' title='bbox 349 1819 541 1904; x_wconf 82' lang='lat' dir='ltr'>quibusque</span> <span class='ocrx_word' id='word_1_41' title='bbox 565 1821 673 1884; x_wconf 80' lang='lat' dir='ltr'>causis</span> <span class='ocrx_word' id='word_1_42' title='bbox 698 1828 864 1884; x_wconf 85' lang='lat' dir='ltr'>commota</span> <span class='ocrx_word' id='word_1_43' title='bbox 895 1821 1062 1904; x_wconf 82' lang='lat' dir='ltr'>quibusve</span> <span class='ocrx_word' id='word_1_44' title='bbox 1094 1821 1193 1884; x_wconf 88' lang='lat' dir='ltr'>rebus</span> <span class='ocrx_word' id='word_1_45' title='bbox 1226 1828 1338 1896; x_wconf 79' lang='lat' dir='ltr'>coacte</span> <span class='ocrx_word' id='word_1_46' title='bbox 1369 1820 1522 1885; x_wconf 84' lang='lat' dir='ltr'>sacerdos</span> 
     </span>
     <span class='ocr_line' id='line_1_8' title="bbox 348 1927 1522 2012; baseline 0.003 -23"><span class='ocrx_word' id='word_1_47' title='bbox 348 1928 436 1990; x_wconf 86' lang='lat' dir='ltr'>facta</span> <span class='ocrx_word' id='word_1_48' title='bbox 461 1927 512 2004; x_wconf 88' lang='lat' dir='ltr'>sit,</span> <span class='ocrx_word' id='word_1_49' title='bbox 538 1949 770 2012; x_wconf 69' lang='lat' dir='ltr'>nequaqnam¹</span> <span class='ocrx_word' id='word_1_50' title='bbox 789 1928 1022 2012; x_wconf 75' lang='lat' dir='ltr'>comperimus</span> <span class='ocrx_word' id='word_1_51' title='bbox 1080 1928 1198 2012; x_wconf 84' lang='lat' dir='ltr'>Neque</span> <span class='ocrx_word' id='word_1_52' title='bbox 1230 1928 1315 1991; x_wconf 78' lang='lat' dir='ltr'>falso</span> <span class='ocrx_word' id='word_1_53' title='bbox 1344 1928 1522 1992; x_wconf 79' lang='lat' dir='ltr'>Britannos</span> 
     </span>
     <span class='ocr_line' id='line_1_9' title="bbox 347 2033 1525 2120; baseline 0.003 -24"><span class='ocrx_word' id='word_1_54' title='bbox 347 2033 512 2098; x_wconf 88' lang='lat' dir='ltr'>iudicasse</span> <span class='ocrx_word' id='word_1_55' title='bbox 548 2042 629 2119; x_wconf 92' lang='lat' dir='ltr'>puto</span> <span class='ocrx_word' id='word_1_56' title='bbox 665 2035 802 2119; x_wconf 83' lang='lat' dir='ltr'>(Oxyrh.</span> <span class='ocrx_word' id='word_1_57' title='bbox 838 2058 868 2120; x_wconf 93' lang='lat' dir='ltr'>p.</span> <span class='ocrx_word' id='word_1_58' title='bbox 900 2035 958 2112; x_wconf 92' lang='lat' dir='ltr'>lll,</span> <span class='ocrx_word' id='word_1_59' title='bbox 985 2057 1039 2120; x_wconf 87' lang='lat' dir='ltr'>pg.</span> <span class='ocrx_word' id='word_1_60' title='bbox 1065 2035 1128 2117; x_wconf 70' lang='lat'>42),</span> <span class='ocrx_word' id='word_1_61' title='bbox 1166 2033 1334 2098; x_wconf 75' lang='lat' dir='ltr'>Clurrt‘tlora</span> <span class='ocrx_word' id='word_1_62' title='bbox 1370 2036 1436 2098; x_wconf 72' lang='lat' dir='ltr'>laad</span> <span class='ocrx_word' id='word_1_63' title='bbox 1468 2042 1525 2099; x_wconf 84' lang='lat' dir='ltr'>not</span> 
     </span>
     <span class='ocr_line' id='line_1_10' title="bbox 347 2142 1519 2225; baseline 0 -22"><span class='ocrx_word' id='word_1_64' title='bbox 347 2142 547 2224; x_wconf 68' lang='lat' dir='ltr'>lrrrprolrulrlp</span> <span class='ocrx_word' id='word_1_65' title='bbox 584 2143 657 2207; x_wconf 80' lang='lat' dir='ltr'>been</span> <span class='ocrx_word' id='word_1_66' title='bbox 693 2145 819 2206; x_wconf 77' lang='lat' dir='ltr'>carried</span> <span class='ocrx_word' id='word_1_67' title='bbox 853 2145 899 2225; x_wconf 77' lang='lat' dir='ltr'>off</span> <span class='ocrx_word' id='word_1_68' title='bbox 930 2145 963 2206; x_wconf 78' lang='lat' dir='ltr'>ln</span> <span class='ocrx_word' id='word_1_69' title='bbox 1001 2143 1049 2206; x_wconf 74' lang='lat' dir='ltr'>tae</span> <span class='ocrx_word' id='word_1_70' title='bbox 1083 2143 1179 2206; x_wconf 75' lang='lat' dir='ltr'>rrsuul</span> <span class='ocrx_word' id='word_1_71' title='bbox 1213 2164 1284 2224; x_wconf 76' lang='lat' dir='ltr'>way</span> <span class='ocrx_word' id='word_1_72' title='bbox 1321 2143 1359 2224; x_wconf 78' lang='lat' dir='ltr'>hp</span> <span class='ocrx_word' id='word_1_73' title='bbox 1385 2144 1519 2224; x_wconf 77' lang='lat' dir='ltr'>pirates,</span> 
     </span>
     <span class='ocr_line' id='line_1_11' title="bbox 347 2249 1520 2334; baseline 0.002 -24"><span class='ocrx_word' id='word_1_74' title='bbox 347 2249 415 2310; x_wconf 77' lang='lat' dir='ltr'>arrd</span> <span class='ocrx_word' id='word_1_75' title='bbox 447 2269 481 2310; x_wconf 87' lang='lat' dir='ltr'>so</span> <span class='ocrx_word' id='word_1_76' title='bbox 507 2270 589 2312; x_wconf 73' lang='lat' dir='ltr'>conec</span> <span class='ocrx_word' id='word_1_77' title='bbox 614 2250 678 2312; x_wconf 82' lang='lat' dir='ltr'>into</span> <span class='ocrx_word' id='word_1_78' title='bbox 704 2249 752 2312; x_wconf 76' lang='lat' dir='ltr'>tle</span> <span class='ocrx_word' id='word_1_79' title='bbox 776 2250 881 2312; x_wconf 78' lang='lat' dir='ltr'>hornis</span> <span class='ocrx_word' id='word_1_80' title='bbox 909 2251 947 2332; x_wconf 84' lang='lat' dir='ltr'>of</span> <span class='ocrx_word' id='word_1_81' title='bbox 978 2250 1026 2312; x_wconf 71' lang='lat' dir='ltr'>rte</span> <span class='ocrx_word' id='word_1_82' title='bbox 1063 2251 1275 2326; x_wconf 62' lang='lat' dir='ltr'>barian-tansss</span> <span class='ocrx_word' id='word_1_83' title='bbox 1311 2271 1414 2334; x_wconf 75' lang='lat' dir='ltr'>(pram</span> <span class='ocrx_word' id='word_1_84' title='bbox 1451 2271 1520 2312; x_wconf 92' lang='lat' dir='ltr'>scn-</span> 
     </span>
     <span class='ocr_line' id='line_1_12' title="bbox 348 2354 1519 2440; baseline 0.003 -24"><span class='ocrx_word' id='word_1_85' title='bbox 348 2354 487 2418; x_wconf 88' lang='lat' dir='ltr'>tentiam</span> <span class='ocrx_word' id='word_1_86' title='bbox 513 2364 544 2418; x_wconf 91' lang='lat' dir='ltr'>et</span> <span class='ocrx_word' id='word_1_87' title='bbox 568 2354 705 2418; x_wconf 82' lang='lat' dir='ltr'>Crusius</span> <span class='ocrx_word' id='word_1_88' title='bbox 730 2363 762 2419; x_wconf 87' lang='lat' dir='ltr'>et</span> <span class='ocrx_word' id='word_1_89' title='bbox 786 2355 956 2420; x_wconf 87' lang='lat' dir='ltr'>Winterus</span> <span class='ocrx_word' id='word_1_90' title='bbox 981 2363 1177 2440; x_wconf 89' lang='lat' dir='ltr'>sequuntur.</span> <span class='ocrx_word' id='word_1_91' title='bbox 1227 2355 1321 2431; x_wconf 80' lang='lat' dir='ltr'>Quae</span> <span class='ocrx_word' id='word_1_92' title='bbox 1346 2357 1458 2440; x_wconf 91' lang='lat' dir='ltr'>opinio</span> <span class='ocrx_word' id='word_1_93' title='bbox 1482 2378 1519 2418; x_wconf 88' lang='lat' dir='ltr'>ea</span> 
     </span>
     <span class='ocr_line' id='line_1_13' title="bbox 346 2462 1519 2548; baseline 0.002 -24"><span class='ocrx_word' id='word_1_94' title='bbox 346 2483 380 2524; x_wconf 91' lang='lat' dir='ltr'>re</span> <span class='ocrx_word' id='word_1_95' title='bbox 405 2462 551 2525; x_wconf 80' lang='lat' dir='ltr'>maxime</span> <span class='ocrx_word' id='word_1_96' title='bbox 575 2464 801 2540; x_wconf 84' lang='lat' dir='ltr'>confirmatur,</span> <span class='ocrx_word' id='word_1_97' title='bbox 827 2463 916 2548; x_wconf 90' lang='lat' dir='ltr'>quod</span> <span class='ocrx_word' id='word_1_98' title='bbox 943 2471 974 2526; x_wconf 90' lang='lat' dir='ltr'>et</span> <span class='ocrx_word' id='word_1_99' title='bbox 999 2463 1031 2526; x_wconf 93' lang='lat' dir='ltr'>in</span> <span class='ocrx_word' id='word_1_100' title='bbox 1057 2463 1169 2526; x_wconf 90' lang='lat' dir='ltr'>mimis</span> <span class='ocrx_word' id='word_1_101' title='bbox 1202 2470 1233 2526; x_wconf 92' lang='lat' dir='ltr'>et</span> <span class='ocrx_word' id='word_1_102' title='bbox 1261 2464 1294 2526; x_wconf 92' lang='lat' dir='ltr'>in</span> <span class='ocrx_word' id='word_1_103' title='bbox 1321 2463 1519 2547; x_wconf 90' lang='lat' dir='ltr'>scriptorum</span> 
     </span>
     <span class='ocr_line' id='line_1_14' title="bbox 345 2569 1519 2654; baseline 0 -22"><span class='ocrx_word' id='word_1_104' title='bbox 345 2569 545 2633; x_wconf 83' lang='lat' dir='ltr'>ereticorum</span> <span class='ocrx_word' id='word_1_105' title='bbox 580 2571 737 2654; x_wconf 74' lang='lat' dir='ltr'>oper-ihus</span> <span class='ocrx_word' id='word_1_106' title='bbox 768 2575 901 2654; x_wconf 86' lang='lat' dir='ltr'>saepius</span> <span class='ocrx_word' id='word_1_107' title='bbox 936 2571 1053 2634; x_wconf 90' lang='lat' dir='ltr'>eadem</span> <span class='ocrx_word' id='word_1_108' title='bbox 1082 2571 1215 2634; x_wconf 89' lang='lat' dir='ltr'>tractari</span> <span class='ocrx_word' id='word_1_109' title='bbox 1253 2569 1519 2633; x_wconf 89' lang='lat' dir='ltr'>demonstratum</span> 
     </span>
     <span class='ocr_line' id='line_1_15' title="bbox 345 2676 1519 2762; baseline 0 -24"><span class='ocrx_word' id='word_1_110' title='bbox 345 2683 394 2739; x_wconf 89' lang='lat' dir='ltr'>est</span> <span class='ocrx_word' id='word_1_111' title='bbox 429 2679 482 2756; x_wconf 85' lang='lat' dir='ltr'>(cl.</span> <span class='ocrx_word' id='word_1_112' title='bbox 509 2676 613 2740; x_wconf 84' lang='lat' dir='ltr'>Sudh.</span> <span class='ocrx_word' id='word_1_113' title='bbox 649 2677 667 2740; x_wconf 94' lang='lat' dir='ltr'>l.</span> <span class='ocrx_word' id='word_1_114' title='bbox 693 2699 719 2741; x_wconf 90' lang='lat' dir='ltr'>c.</span> <span class='ocrx_word' id='word_1_115' title='bbox 752 2699 807 2762; x_wconf 83' lang='lat' dir='ltr'>pg.</span> <span class='ocrx_word' id='word_1_116' title='bbox 833 2680 896 2741; x_wconf 71' lang='lat'>‘267</span> <span class='ocrx_word' id='word_1_117' title='bbox 934 2685 965 2740; x_wconf 89' lang='lat' dir='ltr'>et</span> <span class='ocrx_word' id='word_1_118' title='bbox 990 2678 1091 2741; x_wconf 86' lang='lat' dir='ltr'>Wint.</span> <span class='ocrx_word' id='word_1_119' title='bbox 1127 2699 1180 2762; x_wconf 91' lang='lat' dir='ltr'>pg.</span> <span class='ocrx_word' id='word_1_120' title='bbox 1207 2678 1339 2740; x_wconf 78' lang='lat'><strong>20-30</strong></span> <span class='ocrx_word' id='word_1_121' title='bbox 1372 2683 1404 2739; x_wconf 87' lang='lat' dir='ltr'>et</span> <span class='ocrx_word' id='word_1_122' title='bbox 1433 2697 1519 2760; x_wconf 86' lang='lat' dir='ltr'>quae</span> 
     </span>
     <span class='ocr_line' id='line_1_16' title="bbox 346 2783 1518 2869; baseline 0 -23"><span class='ocrx_word' id='word_1_123' title='bbox 346 2784 535 2847; x_wconf 88' lang='lat' dir='ltr'>testimonia</span> <span class='ocrx_word' id='word_1_124' title='bbox 562 2785 632 2868; x_wconf 90' lang='lat' dir='ltr'>ipse</span> <span class='ocrx_word' id='word_1_125' title='bbox 657 2785 725 2847; x_wconf 89' lang='lat' dir='ltr'>suis</span> <span class='ocrx_word' id='word_1_126' title='bbox 751 2785 829 2848; x_wconf 89' lang='lat' dir='ltr'>locis</span> <span class='ocrx_word' id='word_1_127' title='bbox 854 2785 970 2866; x_wconf 84' lang='lat' dir='ltr'>attuli).</span> <span class='ocrx_word' id='word_1_128' title='bbox 1024 2784 1086 2848; x_wconf 83' lang='lat' dir='ltr'>Sed</span> <span class='ocrx_word' id='word_1_129' title='bbox 1113 2793 1149 2848; x_wconf 93' lang='lat' dir='ltr'>ut</span> <span class='ocrx_word' id='word_1_130' title='bbox 1173 2791 1329 2869; x_wconf 86' lang='lat' dir='ltr'>exponat,</span> <span class='ocrx_word' id='word_1_131' title='bbox 1355 2805 1413 2848; x_wconf 90' lang='lat' dir='ltr'>cur</span> <span class='ocrx_word' id='word_1_132' title='bbox 1438 2783 1518 2846; x_wconf 84' lang='lat' dir='ltr'>Cha-</span> 
     </span>
     <span class='ocr_line' id='line_1_17' title="bbox 345 2890 1519 2976; baseline 0.002 -24"><span class='ocrx_word' id='word_1_133' title='bbox 345 2890 458 2953; x_wconf 91' lang='lat' dir='ltr'>ritinm</span> <span class='ocrx_word' id='word_1_134' title='bbox 475 2891 627 2954; x_wconf 78' lang='lat' dir='ltr'>sacerdos</span> <span class='ocrx_word' id='word_1_135' title='bbox 644 2893 731 2955; x_wconf 83' lang='lat' dir='ltr'>facta</span> <span class='ocrx_word' id='word_1_136' title='bbox 750 2893 801 2966; x_wconf 92' lang='lat' dir='ltr'>sit,</span> <span class='ocrx_word' id='word_1_137' title='bbox 819 2893 987 2956; x_wconf 85' lang='lat' dir='ltr'>Winterus</span> <span class='ocrx_word' id='word_1_138' title='bbox 1003 2892 1043 2955; x_wconf 94' lang='lat' dir='ltr'>ad</span> <span class='ocrx_word' id='word_1_139' title='bbox 1058 2891 1318 2976; x_wconf 78' lang='lat' dir='ltr'>Xenophontem</span> <span class='ocrx_word' id='word_1_140' title='bbox 1333 2891 1519 2974; x_wconf 84' lang='lat' dir='ltr'>Ephesium</span> 
     </span>
     <span class='ocr_line' id='line_1_18' title="bbox 344 2996 1518 3082; baseline 0 -22"><span class='ocrx_word' id='word_1_141' title='bbox 344 3018 378 3060; x_wconf 90' lang='lat' dir='ltr'>se</span> <span class='ocrx_word' id='word_1_142' title='bbox 414 2998 587 3082; x_wconf 79' lang='lat' dir='ltr'>applicans</span> <span class='ocrx_word' id='word_1_143' title='bbox 613 2998 914 3062; x_wconf 82' lang='lat' dir='ltr'>‘Verisirnillimnm</span> <span class='ocrx_word' id='word_1_144' title='bbox 950 3006 1062 3062; x_wconf 88' lang='lat' dir='ltr'>autern</span> <span class='ocrx_word' id='word_1_145' title='bbox 1087 3005 1145 3076; x_wconf 91' lang='lat' dir='ltr'>est,</span> <span class='ocrx_word' id='word_1_146' title='bbox 1183 2997 1301 3081; x_wconf 91' lang='lat' dir='ltr'>inquit,</span> <span class='ocrx_word' id='word_1_147' title='bbox 1332 2996 1518 3060; x_wconf 83' lang='lat' dir='ltr'>Charitinm</span> 
     </span>
     <span class='ocr_line' id='line_1_19' title="bbox 345 3104 1518 3190; baseline 0.001 -23"><span class='ocrx_word' id='word_1_148' title='bbox 345 3126 479 3188; x_wconf 91' lang='lat' dir='ltr'>quoque</span> <span class='ocrx_word' id='word_1_149' title='bbox 496 3105 530 3167; x_wconf 95' lang='lat' dir='ltr'>in</span> <span class='ocrx_word' id='word_1_150' title='bbox 550 3105 678 3168; x_wconf 86' lang='lat' dir='ltr'>Dianae</span> <span class='ocrx_word' id='word_1_151' title='bbox 696 3106 765 3170; x_wconf 86' lang='lat' dir='ltr'>sive</span> <span class='ocrx_word' id='word_1_152' title='bbox 783 3106 879 3170; x_wconf 89' lang='lat' dir='ltr'>Isidis</span> <span class='ocrx_word' id='word_1_153' title='bbox 896 3106 1060 3190; x_wconf 89' lang='lat' dir='ltr'>ternplum</span> <span class='ocrx_word' id='word_1_154' title='bbox 1077 3106 1279 3188; x_wconf 80' lang='lat' dir='ltr'>confugisse,</span> <span class='ocrx_word' id='word_1_155' title='bbox 1305 3112 1341 3168; x_wconf 91' lang='lat' dir='ltr'>ut</span> <span class='ocrx_word' id='word_1_156' title='bbox 1358 3104 1518 3168; x_wconf 88' lang='lat' dir='ltr'>Indorum</span> 
     </span>
     <span class='ocr_line' id='line_1_20' title="bbox 345 3211 1519 3297; baseline 0.002 -24"><span class='ocrx_word' id='word_1_157' title='bbox 345 3211 430 3294; x_wconf 83' lang='lat' dir='ltr'>regis</span> <span class='ocrx_word' id='word_1_158' title='bbox 467 3211 684 3297; x_wconf 78' lang='lat' dir='ltr'>cupiditatem</span> <span class='ocrx_word' id='word_1_159' title='bbox 721 3213 893 3294; x_wconf 81' lang='lat' dir='ltr'>eflugeret,</span> <span class='ocrx_word' id='word_1_160' title='bbox 930 3219 966 3275; x_wconf 94' lang='lat' dir='ltr'>ut</span> <span class='ocrx_word' id='word_1_161' title='bbox 999 3213 1141 3277; x_wconf 75' lang='lat' dir='ltr'>Antheia</span> <span class='ocrx_word' id='word_1_162' title='bbox 1177 3213 1248 3296; x_wconf 90' lang='lat' dir='ltr'>ipsa</span> <span class='ocrx_word' id='word_1_163' title='bbox 1285 3213 1320 3274; x_wconf 92' lang='lat' dir='ltr'>in</span> <span class='ocrx_word' id='word_1_164' title='bbox 1354 3213 1519 3296; x_wconf 88' lang='lat' dir='ltr'>templum</span> 
     </span>
     <span class='ocr_line' id='line_1_21' title="bbox 342 3317 1518 3403; baseline 0.001 -22"><span class='ocrx_word' id='word_1_165' title='bbox 342 3317 440 3382; x_wconf 85' lang='lat' dir='ltr'>Isidis</span> <span class='ocrx_word' id='word_1_166' title='bbox 457 3319 630 3401; x_wconf 74' lang='lat' dir='ltr'>confugit,</span> <span class='ocrx_word' id='word_1_167' title='bbox 656 3341 742 3403; x_wconf 84' lang='lat' dir='ltr'>quoe</span> <span class='ocrx_word' id='word_1_168' title='bbox 759 3341 858 3382; x_wconf 76' lang='lat' dir='ltr'>carisa</span> <span class='ocrx_word' id='word_1_169' title='bbox 877 3319 973 3383; x_wconf 84' lang='lat' dir='ltr'>valde</span> <span class='ocrx_word' id='word_1_170' title='bbox 991 3318 1173 3403; x_wconf 87' lang='lat' dir='ltr'>probabilis</span> <span class='ocrx_word' id='word_1_171' title='bbox 1198 3340 1268 3382; x_wconf 89' lang='lat' dir='ltr'>esse</span> <span class='ocrx_word' id='word_1_172' title='bbox 1286 3318 1368 3382; x_wconf 92' lang='lat' dir='ltr'>mihi</span> <span class='ocrx_word' id='word_1_173' title='bbox 1385 3319 1518 3382; x_wconf 88' lang='lat' dir='ltr'>videtur</span> 
     </span>
     <span class='ocr_line' id='line_1_22' title="bbox 342 3425 1516 3509; baseline 0.001 -21"><span class='ocrx_word' id='word_1_174' title='bbox 342 3426 538 3509; x_wconf 87' lang='lat' dir='ltr'>praesertim</span> <span class='ocrx_word' id='word_1_175' title='bbox 554 3447 641 3503; x_wconf 79' lang='lat' dir='ltr'>cunr,</span> <span class='ocrx_word' id='word_1_176' title='bbox 666 3448 736 3489; x_wconf 90' lang='lat' dir='ltr'>rem</span> <span class='ocrx_word' id='word_1_177' title='bbox 761 3427 786 3488; x_wconf 90' lang='lat' dir='ltr'>si</span> <span class='ocrx_word' id='word_1_178' title='bbox 805 3427 848 3489; x_wconf 85' lang='lat' dir='ltr'>ita</span> <span class='ocrx_word' id='word_1_179' title='bbox 867 3427 1055 3502; x_wconf 78' lang='lat' dir='ltr'>statumine,</span> <span class='ocrx_word' id='word_1_180' title='bbox 1083 3425 1220 3507; x_wconf 83' lang='lat' dir='ltr'>vestigia</span> <span class='ocrx_word' id='word_1_181' title='bbox 1246 3446 1381 3509; x_wconf 91' lang='lat' dir='ltr'>quoque</span> <span class='ocrx_word' id='word_1_182' title='bbox 1406 3448 1516 3489; x_wconf 89' lang='lat' dir='ltr'>rerum</span> 
     </span>
     <span class='ocr_line' id='line_1_23' title="bbox 342 3532 1514 3596; baseline 0.001 -2"><span class='ocrx_word' id='word_1_183' title='bbox 342 3533 538 3596; x_wconf 86' lang='lat' dir='ltr'>eroticurum</span> <span class='ocrx_word' id='word_1_184' title='bbox 565 3533 598 3596; x_wconf 90' lang='lat' dir='ltr'>in</span> <span class='ocrx_word' id='word_1_185' title='bbox 624 3533 688 3596; x_wconf 88' lang='lat' dir='ltr'>hoc</span> <span class='ocrx_word' id='word_1_186' title='bbox 719 3534 823 3596; x_wconf 83' lang='lat' dir='ltr'>inimo</span> <span class='ocrx_word' id='word_1_187' title='bbox 847 3534 955 3596; x_wconf 88' lang='lat' dir='ltr'>inesse</span> <span class='ocrx_word' id='word_1_188' title='bbox 988 3533 1172 3596; x_wconf 87' lang='lat' dir='ltr'>videamus.</span> <span class='ocrx_word' id='word_1_189' title='bbox 1236 3532 1362 3595; x_wconf 85' lang='lat' dir='ltr'>Similia</span> <span class='ocrx_word' id='word_1_190' title='bbox 1403 3540 1514 3595; x_wconf 88' lang='lat' dir='ltr'>autem</span> 
     </span>
     <span class='ocr_line' id='line_1_24' title="bbox 341 3638 1515 3724; baseline 0.002 -24"><span class='ocrx_word' id='word_1_191' title='bbox 341 3638 375 3701; x_wconf 89' lang='lat' dir='ltr'>in</span> <span class='ocrx_word' id='word_1_192' title='bbox 408 3639 579 3724; x_wconf 85' lang='lat' dir='ltr'>Euripidis</span> <span class='ocrx_word' id='word_1_193' title='bbox 613 3640 787 3724; x_wconf 86' lang='lat' dir='ltr'>iphigenia</span> <span class='ocrx_word' id='word_1_194' title='bbox 818 3640 960 3703; x_wconf 82' lang='lat' dir='ltr'>Taurica</span> <span class='ocrx_word' id='word_1_195' title='bbox 995 3649 1027 3703; x_wconf 90' lang='lat' dir='ltr'>et</span> <span class='ocrx_word' id='word_1_196' title='bbox 1051 3639 1192 3716; x_wconf 90' lang='lat' dir='ltr'>Helena,</span> <span class='ocrx_word' id='word_1_197' title='bbox 1225 3640 1349 3723; x_wconf 89' lang='lat' dir='ltr'>quibus</span> <span class='ocrx_word' id='word_1_198' title='bbox 1374 3639 1515 3724; x_wconf 74' lang='lat' dir='ltr'>Cyclops</span> 
     </span>
     <span class='ocr_line' id='line_1_25' title="bbox 341 3745 1516 3831; baseline 0.002 -23"><span class='ocrx_word' id='word_1_199' title='bbox 341 3745 515 3810; x_wconf 86' lang='lat' dir='ltr'>addendus</span> <span class='ocrx_word' id='word_1_200' title='bbox 540 3755 598 3820; x_wconf 88' lang='lat' dir='ltr'>est,</span> <span class='ocrx_word' id='word_1_201' title='bbox 626 3748 767 3811; x_wconf 79' lang='lat' dir='ltr'>inveniri</span> <span class='ocrx_word' id='word_1_202' title='bbox 793 3747 910 3810; x_wconf 83' lang='lat' dir='ltr'>Crusio</span> <span class='ocrx_word' id='word_1_203' title='bbox 934 3754 1068 3810; x_wconf 83' lang='lat' dir='ltr'>auctore</span> <span class='ocrx_word' id='word_1_204' title='bbox 1086 3747 1256 3810; x_wconf 87' lang='lat' dir='ltr'>Winterus</span> <span class='ocrx_word' id='word_1_205' title='bbox 1282 3749 1346 3831; x_wconf 85' lang='lat' dir='ltr'>(pg.</span> <span class='ocrx_word' id='word_1_206' title='bbox 1373 3748 1516 3825; x_wconf 45' lang='grc' dir='ltr'>24ω28)</span> 
     </span>
     <span class='ocr_line' id='line_1_26' title="bbox 341 3853 1514 3938; baseline 0.001 -23"><span class='ocrx_word' id='word_1_207' title='bbox 341 3854 487 3937; x_wconf 84' lang='lat' dir='ltr'>exponit,</span> <span class='ocrx_word' id='word_1_208' title='bbox 513 3855 571 3938; x_wconf 93' lang='lat' dir='ltr'>qui</span> <span class='ocrx_word' id='word_1_209' title='bbox 607 3855 745 3938; x_wconf 89' lang='lat' dir='ltr'>quidem</span> <span class='ocrx_word' id='word_1_210' title='bbox 770 3855 1042 3938; x_wconf 83' lang='lat' dir='ltr'>nrinrognqdrum</span> <span class='ocrx_word' id='word_1_211' title='bbox 1087 3876 1152 3917; x_wconf 93' lang='lat' dir='ltr'>non</span> <span class='ocrx_word' id='word_1_212' title='bbox 1185 3855 1250 3917; x_wconf 87' lang='lat' dir='ltr'>nisi</span> <span class='ocrx_word' id='word_1_213' title='bbox 1275 3854 1314 3916; x_wconf 88' lang='lat' dir='ltr'>de</span> <span class='ocrx_word' id='word_1_214' title='bbox 1340 3853 1514 3938; x_wconf 81' lang='lat' dir='ltr'>iphigenia</span> 
     </span>
     <span class='ocr_line' id='line_1_27' title="bbox 340 3961 1515 4042; baseline 0.001 -19"><span class='ocrx_word' id='word_1_215' title='bbox 340 3969 578 4042; x_wconf 88' lang='lat' dir='ltr'>argumentum</span> <span class='ocrx_word' id='word_1_216' title='bbox 602 3971 794 4025; x_wconf 86' lang='lat' dir='ltr'>nnrtuaturn</span> <span class='ocrx_word' id='word_1_217' title='bbox 825 3983 895 4025; x_wconf 86' lang='lat' dir='ltr'>esse</span> <span class='ocrx_word' id='word_1_218' title='bbox 921 3961 1097 4024; x_wconf 83' lang='lat' dir='ltr'>existimat.</span> <span class='ocrx_word' id='word_1_219' title='bbox 1157 3961 1220 4024; x_wconf 81' lang='lat' dir='ltr'>Sed</span> <span class='ocrx_word' id='word_1_220' title='bbox 1246 3961 1366 4025; x_wconf 89' lang='lat' dir='ltr'>iisdem</span> <span class='ocrx_word' id='word_1_221' title='bbox 1391 3961 1515 4024; x_wconf 84' lang='lat' dir='ltr'>falnrlis</span> 
     </span>
     <span class='ocr_line' id='line_1_28' title="bbox 340 4067 1513 4152; baseline -0.001 -22"><span class='ocrx_word' id='word_1_222' title='bbox 340 4067 462 4131; x_wconf 86' lang='lat' dir='ltr'>iterum</span> <span class='ocrx_word' id='word_1_223' title='bbox 487 4070 687 4152; x_wconf 90' lang='lat' dir='ltr'>comparatis</span> <span class='ocrx_word' id='word_1_224' title='bbox 724 4090 789 4130; x_wconf 93' lang='lat' dir='ltr'>non</span> <span class='ocrx_word' id='word_1_225' title='bbox 817 4089 1056 4152; x_wconf 78' lang='lat' dir='ltr'>omnesquae</span> <span class='ocrx_word' id='word_1_226' title='bbox 1086 4069 1120 4131; x_wconf 94' lang='lat' dir='ltr'>in</span> <span class='ocrx_word' id='word_1_227' title='bbox 1149 4068 1292 4152; x_wconf 78' lang='lat' dir='ltr'>Cyclope</span> <span class='ocrx_word' id='word_1_228' title='bbox 1317 4075 1349 4131; x_wconf 91' lang='lat' dir='ltr'>et</span> <span class='ocrx_word' id='word_1_229' title='bbox 1384 4068 1513 4130; x_wconf 84' lang='lat' dir='ltr'>Helena</span> 
     </span>
     <span class='ocr_line' id='line_1_29' title="bbox 341 4175 1513 4239; baseline 0 -1"><span class='ocrx_word' id='word_1_230' title='bbox 341 4197 417 4239; x_wconf 89' lang='lat' dir='ltr'>cum</span> <span class='ocrx_word' id='word_1_231' title='bbox 443 4175 590 4239; x_wconf 83' lang='lat' dir='ltr'>Charitio</span> <span class='ocrx_word' id='word_1_232' title='bbox 616 4176 731 4238; x_wconf 90' lang='lat' dir='ltr'>insunt</span> <span class='ocrx_word' id='word_1_233' title='bbox 756 4175 991 4238; x_wconf 84' lang='lat' dir='ltr'>similitudines</span> <span class='ocrx_word' id='word_1_234' title='bbox 1019 4175 1205 4239; x_wconf 90' lang='lat' dir='ltr'>Winterum</span> <span class='ocrx_word' id='word_1_235' title='bbox 1242 4175 1391 4238; x_wconf 86' lang='lat' dir='ltr'>attulisse</span> <span class='ocrx_word' id='word_1_236' title='bbox 1423 4183 1513 4238; x_wconf 87' lang='lat' dir='ltr'>ratus</span> 
     </span>
     <span class='ocr_line' id='line_1_30' title="bbox 340 4282 686 4365; baseline 0 -20"><span class='ocrx_word' id='word_1_237' title='bbox 340 4283 473 4365; x_wconf 86' lang='lat' dir='ltr'>singula</span> <span class='ocrx_word' id='word_1_238' title='bbox 498 4282 686 4345; x_wconf 84' lang='lat' dir='ltr'>recensebo.</span> 
     </span>
    </p>

    <p class='ocr_par' dir='ltr' id='par_1_4' title="bbox 339 4383 1513 4690">
     <span class='ocr_line' id='line_1_31' title="bbox 448 4383 1511 4473; baseline -0.002 -21"><span class='ocrx_word' id='word_1_239' title='bbox 448 4390 557 4473; x_wconf 85' lang='lat' dir='ltr'>Atque</span> <span class='ocrx_word' id='word_1_240' title='bbox 593 4391 741 4473; x_wconf 91' lang='lat' dir='ltr'>primum</span> <span class='ocrx_word' id='word_1_241' title='bbox 765 4391 902 4473; x_wconf 86' lang='lat' dir='ltr'>quidem</span> <span class='ocrx_word' id='word_1_242' title='bbox 927 4390 966 4452; x_wconf 87' lang='lat' dir='ltr'>ad</span> <span class='ocrx_word' id='word_1_243' title='bbox 998 4383 1317 4453; x_wconf 70' lang='lat' dir='ltr'>Helenam&#39;curn</span> <span class='ocrx_word' id='word_1_244' title='bbox 1355 4410 1414 4451; x_wconf 91' lang='lat' dir='ltr'>nos</span> <span class='ocrx_word' id='word_1_245' title='bbox 1439 4409 1511 4451; x_wconf 82' lang='lat' dir='ltr'>corr-</span> 
     </span>
     <span class='ocr_line' id='line_1_32' title="bbox 339 4494 1513 4581; baseline 0 -20"><span class='ocrx_word' id='word_1_246' title='bbox 339 4496 510 4572; x_wconf 86' lang='lat' dir='ltr'>vertimus,</span> <span class='ocrx_word' id='word_1_247' title='bbox 536 4502 666 4581; x_wconf 86' lang='lat' dir='ltr'>praeter</span> <span class='ocrx_word' id='word_1_248' title='bbox 696 4497 932 4560; x_wconf 82' lang='lat' dir='ltr'>similitudines</span> <span class='ocrx_word' id='word_1_249' title='bbox 956 4518 975 4559; x_wconf 86' lang='lat' dir='ltr'>a</span> <span class='ocrx_word' id='word_1_250' title='bbox 1000 4497 1150 4561; x_wconf 87' lang='lat' dir='ltr'>Wintero</span> <span class='ocrx_word' id='word_1_251' title='bbox 1188 4495 1304 4559; x_wconf 78' lang='lat' dir='ltr'>allatas</span> <span class='ocrx_word' id='word_1_252' title='bbox 1339 4495 1407 4558; x_wconf 85' lang='lat' dir='ltr'>iam</span> <span class='ocrx_word' id='word_1_253' title='bbox 1431 4494 1513 4561; x_wconf 86' lang='lat' dir='ltr'>haec</span> 
     </span>
     <span class='ocr_line' id='line_1_33' title="bbox 339 4603 1279 4690; baseline 0.001 -23"><span class='ocrx_word' id='word_1_254' title='bbox 339 4604 422 4667; x_wconf 91' lang='lat' dir='ltr'>mihi</span> <span class='ocrx_word' id='word_1_255' title='bbox 447 4603 619 4668; x_wconf 80' lang='lat' dir='ltr'>afferenda</span> <span class='ocrx_word' id='word_1_256' title='bbox 643 4625 714 4668; x_wconf 84' lang='lat' dir='ltr'>esse</span> <span class='ocrx_word' id='word_1_257' title='bbox 739 4611 828 4690; x_wconf 92' lang='lat' dir='ltr'>puto.</span> <span class='ocrx_word' id='word_1_258' title='bbox 879 4604 923 4670; x_wconf 90' lang='lat' dir='ltr'>Ut</span> <span class='ocrx_word' id='word_1_259' title='bbox 949 4604 1100 4668; x_wconf 87' lang='lat' dir='ltr'>versibus</span> <span class='ocrx_word' id='word_1_260' title='bbox 1125 4604 1279 4668; x_wconf 76' lang='lat'>273-75</span> 
     </span>
    </p>
   </div>
   <div class='ocr_carea' id='block_1_4' title="bbox 0 0 1794 5390">
    <p class='ocr_par' dir='ltr' id='par_1_5' title="bbox 0 0 1794 5390">
     <span class='ocr_line' id='line_1_34' title="bbox 0 0 1794 5390; baseline 0 4"><span class='ocrx_word' id='word_1_261' title='bbox 0 0 1794 5390; x_wconf 95' lang='lat' dir='ltr'> </span> 
     </span>
    </p>
   </div>
  </div>
 </body>
</html>
