3578 5390
826 438 1045 502 ..20-

351 646 407 701 καῐ
422 626 463 721 ἤν
479 627 590 701 ἆθλον
607 638 652 724 τῷ
668 641 729 720 μὲν
745 637 862 725 πριότῳ
877 637 1052 710 τάλαντον,
1069 635 1115 726 τῷ
1131 636 1166 702 δὲ
1184 636 1320 725 δευτέρῳ
1344 633 1521 725 τριάκοντα

350 750 437 824 μνᾶς
459 753 515 810 καὶ
538 742 584 831 τῷ
607 755 700 830 τρίτῳ
725 744 813 809 δέκα.
854 749 921 808 τοῖν
945 737 1006 811 οὖν
1029 745 1175 810 πιόντων
1198 745 1256 808 τόν
1291 746 1380 810 οἶνον
1415 770 1521 826 παρα-

349 857 458 938 χρῆμα
476 848 692 936 ἐτελεύτησαν
713 851 777 916 όπὸ
795 858 851 918 τοῦ
872 848 996 940 qn'rxong
1012 848 1188 939 τριάκοντα
1206 863 1262 916 καὶ
1280 862 1386 926 nm,
1405 850 1521 940 μηρὼ)

351 958 388 1022 δὲ
412 956 622 1034 διαλιπόντες
639 957 675 1023 ἐν
690 974 762 1036 ταῖς
786 975 917 1043 σκηναῖς
939 963 975 1035 ἕξ
998 957 1051 1042 (b).
1083 960 1155 1024 ὅδὲ
1178 961 1330 1024 πλεῖστον
1354 959 1442 1025 πιιόν
1465 971 1521 1024 καὶ

351 1061 485 1148 νικήσας
508 1061 528 1128 ἴ
533 1092 559 1130 π
569 1093 580 1128 ι
592 1092 607 1128 e
630 1071 680 1149 μὲ
692 1090 710 1128 ν
734 1067 785 1130 οἶκ
796 1092 813 1151 ρ
825 1066 847 1130 α’
857 1092 875 1130 τ
886 1091 929 1130 οτι
953 1065 1031 1148 χοᾶς
1046 1076 1207 1152 τέσσαρας
1223 1077 1279 1132 καὶ
1302 1062 1338 1130 τό
1357 1067 1522 1132 τάλαντον

349 1168 479 1245 ἔλαβεν,
493 1171 654 1250 ἐπεβίωσε
667 1173 701 1236 δὲ
716 1173 839 1260 ἡμέρας
852 1183 1021 1258 τέσσαρας.
1046 1173 1224 1238 ἐκαλεῖτο
1241 1174 1280 1237 δὲ
1301 1169 1519 1259 Πρόμαχος,

351 1275 426 1351 Quo
450 1276 521 1339 loco
547 1276 689 1360 perlecto
714 1298 779 1341 non
804 1277 926 1340 iniuria
957 1278 1110 1342 concludi
1134 1299 1231 1362 posse
1254 1285 1336 1362 puto
1360 1299 1425 1356 eoa,
1463 1279 1520 1362 qui

351 1382 461 1446 verbis
486 1385 652 1470 πρόμαχοι
677 1390 708 1446 et
733 1386 854 1473 πρόμοι
878 1384 920 1467 (ν.
935 1385 987 1467 90)
1013 1385 1253 1467 significantur,
1272 1385 1405 1449 easdem
1424 1406 1520 1468 agere

350 1496 469 1573 partes
517 1488 611 1553 Certe
636 1490 773 1574 quidem
790 1490 951 1554 Indorum
974 1513 1082 1555 moras
1106 1492 1222 1576 quales
1246 1500 1393 1556 enostro
1417 1492 1521 1554 mimo

350 1596 582 1677 cognoscimus
606 1595 669 1660 hoc
693 1597 846 1681 exemplo
870 1599 995 1682 optime
1019 1599 1237 1662 illustrantur.

459 1720 508 1783 Ex
540 1721 757 1805 sequentibus
789 1723 941 1786 versibus
967 1723 1034 1786 iam
1069 1723 1230 1787 nonnulla
1268 1713 1367 1787 verba
1394 1722 1521 1786 Graeca

350 1827 562 1911 praecipiam.
612 1827 662 1890 Ad
688 1849 736 1891 vs.
766 1830 808 1892 60
839 1830 881 1892 cf.
908 1830 964 1893 Ar.
989 1829 1194 1914 Tlresmopb.
1232 1832 1296 1894 184
1319 1829 1452 1910 βάσκετ’
1490 1837 1521 1892 et

352 1933 456 1997 l'laut.
484 1933 601 1998 Pseud.
629 1935 690 1997 241
720 1935 842 2015 loquore
876 1941 968 2016 utque
1002 1938 1015 1999 ιῖ
1049 1937 1085 2000 ιἰι
1120 1937 1239 2000 mutan
1272 1959 1391 2001 ονιιοοιιι
1422 1944 1453 2000 et
1478 1937 1519 2000 al.

351 2039 390 2102 V.
416 2042 467 2104 66.
494 2059 569 2108 πεῖν
593 2043 648 2120 δός
678 2043 721 2105 cf.
747 2041 896 2126 Wessely
927 2042 947 2106 l.
973 2063 999 2106 c.
1025 2063 1079 2126 pg.
1104 2044 1193 2105 41807
1222 2044 1317 2110 dolon
1343 2062 1425 2111 πεῖν.
1467 2046 1518 2108 69.

349 2145 441 2210 Idem
477 2149 563 2226 βάλε
593 2150 682 2215 οἶνον
710 2149 902 2212 invenimus
931 2149 963 2212 in
1003 2146 1240 2214 Anacreonteis
1265 2152 1316 2215 50.
1354 2155 1410 2231 ὸός
1432 2147 1521 2239 όὸορ

348 2252 425 2329 βάλ’
444 2253 535 2320 οἶνον
551 2262 582 2317 et
599 2254 700 2318 velim
717 2255 869 2318 auriferas
887 2255 1036 2340 Wessely
1054 2256 1072 2319 l.
1091 2278 1116 2322 c.
1135 2257 1199 2321 328
1223 2260 1340 2336 βαλών
1364 2264 1411 2338 εἰς
1435 2261 1519 2326 αὐτὸ

347 2355 436 2450 ὕδωρ
459 2367 491 2423 el
514 2381 562 2425 VS.
588 2362 652 2424 662
675 2358 751 2440 βάλ’
774 2362 887 2428 ἶλαιον
911 2369 942 2425 et
966 2363 1040 2426 224.

455 2483 493 2547 In
530 2507 578 2549 vs¹
615 2487 667 2549 68.
693 2507 841 2570 papyrus
878 2486 978 2550 habet
1014 2514 1246 2575 αμηογιαινων,
1276 2511 1420 2574 quorum
1452 2512 1520 2554 ver-

349 2591 468 2654 borum
485 2613 620 2655 sensum
640 2593 827 2668 ‚curiosum'
846 2592 938 2671 illud,
963 2594 1053 2679 quod
1072 2595 1219 2659 Blassius
1243 2596 1374 2661 vocavit
1391 2596 1518 2682 (Herm.

352 2699 444 2775 1899,
481 2699 567 2783 312),
607 2699 754 2762 indicare
795 2699 935 2764 videtur.
997 2701 1047 2764 Eo
1080 2702 1168 2765 enim
1204 2702 1275 2765 loco
1307 2702 1393 2766 lilius
1428 2702 1518 2767 domi

349 2804 481 2868 relictus
506 2806 590 2888 patri
616 2805 749 2869 scribit:
776 2808 814 2872 ον’
838 2810 881 2893 μή
907 2806 1028 2895 γράψω
1055 2832 1089 2874 σε
1105 2811 1282 2896 ἐπιστολήν
1306 2810 1380 2878 οὔτε
1405 2810 1517 2896 (intell.

350 2910 398 2974 bis
424 2914 511 2996 οὐδέ)
534 2915 625 2978 λαλῶ
641 2936 675 2978 σε
692 2913 766 2981 οὔτε
782 2909 898 2996 rimare
924 2938 959 2980 σε
983 2915 1064 2999 (und
1081 2916 1301 2998 gesundbeite
1325 2916 1403 2981 dich
1427 2917 1520 2980 niclrt

348 3019 479 3101 fortan).
505 3019 547 3083 ef.
567 3020 621 3083 Ar.
640 3019 727 3084 Eecl.
746 3023 821 3084 471.
847 3020 919 3087 αλλ’
936 3024 1002 3106 εἶμι
1017 3044 1022 3055 “
1038 3024 1076 3090 σύ
1093 3025 1250 3106 δ’όγίαινε
1266 3036 1321 3091 καί
1346 3026 1386 3091 σύ
1401 3030 1439 3107 γ’.
1476 3023 1519 3086 Εἴ

348 3125 382 3186 iu
404 3150 448 3210 μη
472 3151 629 3207 ογιαινων
652 3127 761 3191 inesse
785 3131 829 3213 μή
845 3124 981 3210 όγίανον
1006 3130 1074 3192 veri
1092 3130 1300 3194 simillimum
1319 3137 1376 3194 est.
1424 3129 1517 3194 Idem

347 3232 436 3294 enim
474 3232 587 3296 mendi
616 3254 732 3315 genus,
758 3243 794 3297 ut
818 3235 881 3298 alia
908 3236 1070 3314 omittam,
1096 3237 1246 3302 invenies
1272 3238 1304 3300 iu
1330 3237 1423 3315 libro,
1460 3239 1518 3322 qui

346 3338 548 3415 inscribitur,
563 3339 687 3404 notices
702 3348 734 3404 et
747 3342 882 3405 extraits
895 3342 953 3406 des
970 3344 1172 3407 manuscrits
1189 3343 1229 3407 dc
1246 3343 1275 3407 la
1292 3344 1519 3429 bibliotheque

347 3446 518 3530 imperiale
542 3446 680 3532 (XVIII,
706 3447 799 3511 Paris
828 3449 920 3535 1865)
952 3448 1001 3513 bis
1026 3456 1058 3514 et
1082 3451 1114 3513 in
1141 3463 1195 3534 pg.
1222 3453 1290 3520 281),
1318 3458 1349 3515 et
1373 3453 1438 3516 312
1463 3462 1519 3518 καὶ

346 3553 447 3630 οὗτος
471 3553 689 3636 δ’όγίαινον,
715 3575 801 3638 quae
818 3554 932 3619 eadem
952 3557 1061 3620 forma
1086 3566 1193 3621 exstat
1209 3557 1299 3642 apud
1318 3559 1516 3623 Wesselium

346 3658 365 3721 l.
391 3679 417 3721 c.
444 3659 518 3736 263,
556 3680 622 3743 qua
657 3681 690 3724 re
726 3662 916 3725 coniectura
951 3671 1064 3726 nostra
1102 3665 1231 3727 lirmuta
1267 3687 1338 3728 esse
1375 3665 1516 3730 videt-ur.

345 3764 395 3827 De
429 3765 546 3829 litteris
581 3773 692 3830 autem
730 3796 754 3832 οι
784 3777 854 3835 eto
892 3770 1027 3833 mutatis
1061 3770 1159 3835 velim
1197 3773 1349 3834 conferas
1385 3771 1518 3856 Mayser

345 3893 398 3956 pg.
426 3871 493 3958 97¹)

453 3996 519 4060 Sed·
541 3997 574 4060 in
602 3997 663 4060 buc
687 3999 854 4062 vocalium
879 3999 1047 4065 collisione
1076 4023 1338 4066 eonrmernorare
1361 4004 1458 4068 liceat
1483 4006 1516 4068 in

452 4371 470 4438 ¹)
488 4371 546 4424 Der
560 4372 744 4438 quantitative
764 4373 819 4425 und
839 4374 1002 4440 qualitative
1020 4375 1202 4430 Untersclried
1216 4377 1263 4430 der
1276 4378 1373 4431 beiden
1394 4377 1516 4430 tt-Laute
1568 4445 1572 4453 ¹

412 4460 480 4512 vird
507 4461 560 4512 seit
588 4463 647 4513 dem
675 4463 783 4529 Beginn
810 4464 856 4515 des
885 4470 909 4517 2.
929 4465 1026 4518 Jahrb.
1054 4483 1079 4518 v.
1101 4465 1164 4519 Chr.
1191 4467 1344 4526 verwisclrt
1375 4487 1388 4515 o
1413 4467 1468 4518 und
1496 4486 1516 4517 οι

343 4550 450 4602 werden
480 4550 599 4602 vielfach
630 4561 789 4618 vermengt·
836 4554 871 4605 of.
899 4553 973 4605 Wcil
1001 4571 1093 4621 papyr.
1121 4555 1202 4607 ffln
1231 4553 1259 4606 ru*
1289 4553 1383 4623 ιιιιρών
1410 4560 1461 4608 etc.
1489 4567 1517 4610 et

343 4638 556 4692 Radermacher:
578 4639 680 4705 griech.
701 4640 943 4708 Spraohgehruuch
962 4641 1035 4698 Plril.
1059 4649 1133 4711 1903,
1152 4650 1177 4697 a.
