3578 5390
847 439 1068 502 ..16-

371 652 458 698 nave
481 631 638 697 advectos
667 653 738 698 esse
763 633 1043 699 verisimillimum
1069 641 1127 699 est.
1175 633 1263 698 Tum
1295 635 1425 700 ancoris
1449 635 1543 700 iactis

372 739 526 824 stupidus
551 740 583 803 in
609 762 764 804 scaenam
798 741 907 826 prodit
936 763 1036 826 quem
1069 743 1136 806 iam
1170 749 1246 807 ante
1271 743 1414 828 primam
1440 764 1542 827 quam

373 845 530 911 manibus
543 854 696 911 tenemus
712 869 866 912 scaenam
881 871 957 913 cum
972 848 1119 912 Cliaritio
1131 849 1340 914 confabulari
1354 849 1544 934 putandum

373 941 430 1017 est‘.
479 953 566 1018 Nam
592 954 619 1017 si
643 976 674 1019 v.
699 959 743 1018 44
767 955 904 1020 demum
929 954 1115 1021 Charitium
1140 957 1175 1020 in
1206 977 1363 1020 scaenam
1388 956 1543 1041 prodiret,

373 1082 445 1124 sero
471 1061 625 1145 prodiret.
673 1061 834 1147 Stupidus
852 1063 941 1127 enim
967 1085 1065 1128 versu
1090 1065 1133 1128 30
1157 1063 1359 1142 exclamans,
1386 1071 1545 1153 Χαρίτιον

373 1166 531 1256 σύνχαιρί
543 1197 599 1255 μοι
615 1173 786 1257 λελυμένῳ
803 1169 870 1232 iarn
889 1171 972 1234 seire
988 1170 1131 1234 debebat
1148 1170 1335 1234 Charitium
1352 1170 1468 1236 adesse
1493 1169 1544 1235 vel

373 1276 406 1338 in
433 1276 557 1360 templo
574 1298 655 1354 esse,
673 1277 706 1340 id
724 1277 812 1360 quod
838 1277 902 1341 nisi
919 1276 1104 1342 Obaritium
1131 1279 1196 1342 iarn
1215 1284 1312 1352 autea
1329 1279 1362 1341 in
1388 1298 1544 1342 scaenam

374 1382 550 1466 prodierat,
568 1383 651 1447 scire
668 1405 735 1447 non
753 1391 891 1468 poterat.
928 1383 1208 1474 ,Ἀνοιγλίυρισμόςί
1227 1384 1328 1468 igitur
1351 1383 1545 1448 antecedere

374 1489 526 1552 debebat.
575 1489 637 1554 His
655 1512 789 1574 quoque
806 1491 846 1554 de
868 1491 977 1554 causis
993 1479 1207 1576 perspicuum
1226 1513 1297 1556 esse
1315 1491 1397 1554 mihi
1414 1490 1546 1555 videtur

374 1597 442 1659 iam
466 1596 560 1660 initio
585 1595 769 1661 Charitium
796 1599 897 1662 verba
922 1599 1049 1663 iecisse.
1104 1599 1174 1663 Nec
1208 1599 1319 1662 minus
1348 1598 1544 1682 postulatur,

374 1709 411 1765 ut
435 1702 589 1786 stupidus
614 1725 700 1788 quae
724 1725 804 1769 suae
835 1705 902 1769 sint
932 1726 983 1770 res
1008 1713 1128 1783 narret,
1165 1705 1206 1769 ad
1238 1726 1324 1790 quae
1349 1703 1545 1768 illustranda

375 1810 501 1894 optime
518 1811 589 1874 iure
603 1832 655 1874 me
672 1811 792 1875 afferre
809 1811 915 1890 crede,
934 1834 1019 1896 qnae
1034 1813 1271 1897 Poppelreuter
1287 1812 1338 1896 (de
1355 1810 1546 1876 comoediae

376 1917 504 1980 Atticae
519 1917 708 2001 primordiis
726 1917 810 1982 Berl.
833 1920 928 1998 1893)
945 1919 978 1982 in
997 1940 1050 2003 pg.
1070 1920 1110 1983 27
1128 1920 1302 2003 exposuit„
1320 1919 1395 2002 lpse
1412 1937 1546 2001 quoque

376 2023 508 2088 invice
541 2023 832 2107 brandeburgensi
869 2025 938 2090 vidi
973 2046 1141 2110 puparum
1177 2032 1340 2110 apparatu
1377 2031 1545 2108 peractam

376 2130 583 2194 comoediam
602 2131 809 2216 popularem,
836 2153 946 2216 quae.
968 2186 972 2195 .
994 2185 999 2196 .
1026 2153 1169 2215 magnae
1187 2132 1269 2195 mihi
1288 2130 1451 2216 voluptati
1478 2136 1547 2193 erat

376 2259 486 2320 neque
511 2237 644 2322 planius
669 2238 757 2322 quod
793 2260 865 2303 eam
892 2239 1052 2316 describo,
1079 2239 1308 2323 quaestionem
1338 2237 1381 2301 ad
1406 2236 1547 2321 ineptias

377 2344 549 2408 deflectere
574 2345 657 2407 mihi
682 2345 804 2409 videor.
853 2333 1018 2430 Casperle,
1044 2367 1144 2429 quem
1168 2353 1299 2419 vocant,
1316 2344 1445 2420 sanni0,
1470 2364 1546 2407 eum

377 2451 515 2536 prologo
550 2453 1033 2537 spectatoribusexposuisset,
1070 2453 1146 2537 quis
1170 2459 1265 2530 esset,
1302 2473 1369 2536 qua
1403 2450 1438 2515 iu
1475 2471 1548 2514 con-

378 2558 507 2622 dicione
531 2559 667 2637 viveret,
693 2581 759 2643 quo
784 2560 854 2624 loco
886 2582 937 2624 res
961 2567 1124 2645 ageretur,
1161 2568 1232 2624 tum
1269 2559 1383 2644 procul
1408 2557 1548 2640 negotiis

378 2687 496 2751 capere
513 2667 657 2750 quietem
677 2667 740 2730 sibi
757 2689 828 2732 esse
852 2669 887 2730 in
911 2668 1025 2732 animo
1049 2667 1142 2732 dixit.
1191 2667 1288 2742 Quod
1306 2687 1382 2730 eum
1408 2664 1547 2728 vixdum

379 2775 488 2836 facere
517 2781 657 2857 pararet,
694 2774 920 2838 molestissimi
955 2774 1105 2838 advenae
1136 2780 1381 2858 apparuerunt:
1417 2779 1550 2836 exactor

380 2880 604 2963 vectigalium,
630 2881 770 2959 institor,
795 2881 935 2945 iudaeus
965 2882 1148 2967 polonicus,
1173 2881 1229 2944 alii
1265 2881 1337 2964 typi
1360 2879 1549 2964 populares

381 2985 1550 3074 quoscumsingulosadreipublicaestatmnatqueadministrationem

380 3094 542 3170 alludens,
567 3095 814 3179 aliquantulum
839 3097 999 3181 temporis
1015 3095 1159 3160 ludibrio
1183 3094 1364 3171 habuisset,
1383 3099 1551 3178 postremo

382 3201 576 3266 verberibus
612 3204 834 3286 spectantium
875 3225 950 3267 curn
993 3204 1060 3267 risu
1096 3202 1244 3287 expulit'.
1285 3200 1424 3264 Etiamsi
1461 3199 1550 3262 enim

382 3308 536 3393 stupidus
567 3309 620 3372 ille
651 3317 682 3373 et
706 3318 817 3374 noster
853 3310 1027 3373 nonnihil
1064 3311 1150 3373 inter
1185 3331 1218 3372 se
1243 3308 1413 3383 differunt,
1438 3313 1551 3369 tamen

382 3438 541 3500 personas
565 3417 654 3501 ipsas
679 3418 748 3480 fere
773 3417 906 3481 easdem
932 3439 1003 3481 esse
1021 3438 1120 3480 nemo
1144 3416 1280 3497 negabit
1298 3436 1406 3498 neque
1430 3411 1551 3476 iniuria

383 3523 580 3588 concludere
609 3545 669 3587 nos
700 3545 797 3609 posse
833 3524 931 3588 eredo
954 3531 1105 3588 nostrum
1133 3544 1267 3607 quoque
1303 3522 1474 3607 stupidum
1501 3541 1552 3582 ex·

384 3631 544 3715 posuisse,
571 3631 656 3714 ,quis
679 3631 773 3695 esset'
797 3639 838 3708 et,
856 3653 921 3716 qua
940 3632 973 3695 in
991 3630 1185 3695 condicione
1213 3630 1348 3696 viveret'
1375 3635 1406 3692 et
1430 3626 1554 3711 quibus

384 3760 460 3803 cum
498 3739 649 3802 hostibus
685 3760 753 3802 rem
790 3738 927 3803 haberet
963 3739 1128 3823 quibusve
1153 3738 1255 3801 armis
1286 3737 1433 3803 victurus
1469 3741 1555 3796 esset

385 3847 437 3932 (cl.
457 3845 645 3930 Dicaeopol.
673 3847 727 3909 Ar.
747 3845 828 3910 Aeli.
847 3867 912 3911 uss,
941 3848 1045 3926 1-39
1061 3846 1139 3930 ssq.)
1186 3845 1298 3907 Prima
1315 3851 1428 3906 autem
1454 3839 1554 3904 verba

386 3953 505 4016 tradita
530 3951 645 4039 (elipe
669 3955 796 4041 πορὸἠν
818 3951 913 4037 βάλε)
942 3952 1095 4037 stupidus
1121 3973 1187 4015 non
1219 3950 1348 4014 locutus
1373 3956 1556 4032 estusque

386 4061 465 4124 satis
500 4067 648 4144 apparet,
685 4061 738 4124 cui
768 4082 929 4145 personae
965 4060 1031 4123 siut
1055 4057 1242 4134 tribuenda,
1279 4078 1382 4140 quam
1418 4054 1555 4139 quidem

387 4168 617 4251 quaestionem
644 4189 710 4230 non
729 4168 812 4231 tanti
839 4167 998 4230 momenti
1023 4188 1093 4230 esso
1111 4173 1201 4250 puto.
1250 4164 1420 4228 Winterus
1443 4168 1554 4224 autem

387 4277 451 4358 (45)
476 4313 517 4320 —
548 4274 698 4337 Britanni
735 4274 861 4358 primos
897 4295 1012 4338 versus
1048 4272 1178 4336 silentio
1213 4271 1482 4356 praetermittunt
1514 4301 1556 4310 -

388 4383 496 4466 prima
522 4381 623 4446 verba
647 4381 771 4465 stupidi
803 4381 929 4445 socium
962 4379 1130 4464 quendam
1161 4378 1351 4461 loquentem
1384 4373 1474 4447 facit,
1499 4370 1557 4454 qui

390 4489 418 4550 ei
443 4495 539 4571 capto
563 4489 739 4551 consilium
765 4488 909 4572 pedendi
933 4487 997 4562 det,
1027 4507 1128 4570 quam
1155 4484 1353 4547 sententiam
1386 4500 1438 4542 me
1463 4477 1558 4561 sequi

390 4617 458 4658 non
484 4615 579 4680 posse
610 4596 777 4659 confiteor.
834 4595 904 4659 Nec
928 4593 1035 4676 magis
1071 4592 1153 4655 mibi
1178 4588 1397 4675 persuadetur
1421 4587 1557 4650 fratrem
