3578 5390
855 1782 996 1885 Caput
1022 1783 1059 1867 Ι.

734 1960 793 2016 De
814 1964 953 2016 textus
973 1959 1167 2017 editione.

477 2069 653 2132 Britannos
684 2089 760 2132 cum
797 2069 829 2132 in
865 2069 1001 2153 papyris
1026 2068 1175 2151 legendis
1207 2069 1370 2152 singulari
1394 2070 1541 2154 quodam

367 2175 492 2258 ingenii
517 2175 673 2239 acumine
702 2176 811 2239 valere
842 2182 914 2238 turn
939 2177 973 2238 iu
998 2174 1135 2239 edendis
1166 2197 1301 2240 omnem
1333 2176 1539 2259 diligentiam

367 2289 398 2346 et
433 2281 632 2346 industriam
662 2282 821 2346 adbibere
845 2303 945 2346 uerno
975 2283 1088 2359 nescit,
1114 2303 1201 2366 quae
1231 2282 1304 2347 laus
1328 2305 1431 2367 quam
1456 2284 1541 2350 iuste

366 2389 413 2451 cis
430 2389 606 2466 tribuatur,
632 2389 736 2452 nostri
760 2409 895 2472 quoque
921 2389 1015 2452 mimi
1033 2388 1177 2452 editione
1202 2389 1455 2473 comprobatum
1482 2397 1540 2453 est.

366 2495 437 2558 Etsi
462 2496 552 2560 enirn
581 2517 600 2558 a
625 2495 847 2560 bibliothecae
872 2495 1072 2559 Bodleianae
1107 2494 1278 2574 directore,
1317 2496 1374 2579 qui
1410 2517 1542 2580 semper

333 2601 515 2670 ‚maxima
543 2623 621 2685 erga
657 2623 711 2666 me
744 2601 943 2666 liberalitate
977 2601 1143 2676 utebatur,
1180 2602 1213 2665 in
1251 2602 1322 2666 loco
1359 2602 1539 2685 plurimam

366 2708 474 2772 lucem
500 2709 680 2792 praebente
704 2708 890 2772 collocabar
914 2715 945 2772 et
981 2729 1039 2792 per
1073 2729 1189 2772 omues
1223 2707 1293 2772 dies
1317 2708 1447 2772 coelum
1471 2716 1542 2773 erat·

366 2837 534 2892 serenum,
560 2822 675 2880 tamen
694 2816 842 2878 maxima
859 2835 967 2899 opera.
985 2823 1105 2878 navata
1123 2814 1305 2879 admodum
1324 2836 1430 2899 pauca
1447 2816 1542 2879 aliter

365 2923 429 3004 legi
455 2930 556 3006 atque
581 2922 742 2986 Britanni.
790 2921 936 2999 Accedit,
962 2921 1052 3005 quod
1077 2922 1241 3005 scriptura
1258 2929 1316 2986 aut
1339 2930 1406 2985 tam
1433 2921 1541 2986 lucide

366 3029 511 3094 discerni
545 3036 663 3113 potest,
699 3036 735 3092 ut
770 3028 902 3111 singula
937 3028 1039 3092 verba
1075 3029 1110 3091 in
1146 3027 1288 3092 dubium
1325 3028 1435 3092 vocari
1472 3050 1539 3092 non

366 3136 505 3220 possint,
529 3143 588 3200 aut
611 3142 784 3220 tantopere
800 3143 849 3199 est
873 3142 1038 3219 corrupta,
1065 3143 1101 3198 ut
1117 3135 1295 3199 atramenti
1319 3135 1459 3216 vestigia
1484 3135 1540 3199 vix
1602 3206 1603 3212 ἵ

366 3242 440 3308 elici
464 3238 592 3326 possint
616 3244 661 3326 (in
685 3243 746 3307 col.
771 3242 812 3305 ΙΙ.
845 3263 1003 3307 versuum
1030 3243 1162 3306 52-60
1192 3242 1311 3318 exitus,
1337 3242 1370 3304 in
1395 3242 1455 3306 col.
1476 3241 1539 3306 ΙΙΙ.

366 3371 431 3414 vss
458 3351 609 3434 rar-83).
658 3349 721 3414 Sed
758 3350 915 3433 quamvis
951 3349 995 3412 ita
1020 3369 1071 3412 res
1107 3369 1142 3412 se
1166 3348 1298 3422 habeat,
1334 3355 1448 3412 tamen
1472 3369 1538 3412 non

366 3457 437 3520 sinc
462 3457 574 3521 fructu
589 3478 755 3541 papyrum
781 3455 891 3520 denuo
908 3455 1135 3519 examinatam
1154 3476 1225 3519 esse
1243 3463 1334 3539 pulc.
1384 3454 1540 3538 Singulas

366 3570 478 3626 autem
503 3585 587 3647 quas
611 3564 726 3628 inveni
750 3563 900 3626 lectionis
924 3561 1165 3646 discrepantias
1189 3563 1258 3626 suis
1283 3562 1363 3626 locis
1388 3563 1538 3625 afferam.

292 3655 363 3780 ‹le--
474 3669 537 3733 Sed
571 3670 768 3754 priusquam
803 3669 843 3732 ad
878 3677 1006 3732 textum
1043 3668 1323 3733 conscribendum
1354 3667 1538 3752 aggrediar,

258 3775 412 3866 scriptule
437 3777 554 3860 papyri
572 3777 691 3860 specie,
717 3776 821 3858 siguis
839 3776 978 3858 aliisque
1003 3775 1161 3839 derebus
1184 3796 1292 3860 pauca
1315 3776 1537 3859 praemittam.

473 3884 597 3946 Mirnus
631 3891 741 3945 noster
773 3889 931 3965 quattuor
954 3882 1119 3946 columnis
1145 3881 1286 3946 traditus
1310 3890 1368 3954 est,
1394 3902 1539 3965 quarum

366 3991 398 4053 in
435 3989 567 4053 duabus
597 3989 764 4073 prioribus
798 3996 1019 4052 numerantur
1054 3991 1096 4052 36
1133 4010 1259 4061 versus
1296 3989 1329 4052 in
1366 3989 1461 4052 tertia
1485 3990 1537 4064 35,

365 4098 398 4160 in
439 4103 558 4180 quarta
583 4099 636 4159 43.
684 4095 727 4158 Et
750 4097 876 4180 priores
898 4095 1033 4178 quidem
1061 4104 1126 4158 tres
1151 4095 1328 4160 columnae
1353 4096 1385 4158 in
1420 4096 1537 4160 dextra

365 4203 482 4288 papyri
523 4202 645 4266 sclreda
693 4211 833 4276 exstant,
874 4210 993 4285 quarta
1033 4209 1144 4264 aulem
1186 4203 1219 4266 in
1261 4202 1383 4266 sclrcda
1431 4221 1536 4266 versa.

365 4309 527 4373 Omnium
563 4308 796 4373 columnarum
837 4310 945 4393 prima
987 4309 1133 4371 maxime
1169 4317 1217 4372 est
1257 4309 1419 4386 mutilata,
1460 4329 1535 4372 cum

365 4416 473 4478 exitus
495 4423 624 4478 tuntum
648 4436 805 4479 versuum
832 4416 953 4479 serrati
978 4415 1053 4478 siut.
1109 4414 1222 4478 Huius
1253 4437 1329 4478 vcro
1361 4415 1537 4478 columnae

365 4530 529 4606 quantum
554 4522 699 4587 deletum
718 4523 768 4589 sit.
794 4523 874 4586 satis
898 4529 986 4586 certo
1008 4521 1139 4585 decerni
1158 4529 1274 4606 potest,
1299 4543 1376 4586 cum
1401 4520 1537 4584 alterius

364 4630 539 4693 columnae
553 4637 583 4693 et
600 4629 714 4693 tertiae
729 4630 939 4693 modulorum
955 4629 1098 4692 rationes
1111 4629 1377 4712 cognoverimus,
1392 4647 1536 4711 quarum
