3578 5390
815 452 1034 515 ..22-

1011 602 1019 624 .

242 671 244 674 ·
340 649 494 731 bindnng
518 648 575 712 des
601 655 691 712 roten
710 647 838 710 Meeres
863 646 923 709 mit
951 646 1172 710 Alexandreia
1191 646 1303 711 wurde
1327 645 1386 709 der
1402 644 1514 708 Kanal

342 757 461 821 wieder
485 755 675 838 hergestellt
700 753 768 818 und
787 754 842 816 fur
858 752 960 836 grcsse
977 753 1176 818 Lastsehill'c
1193 753 1333 817 lahrhar
1347 751 1513 835 gemacht,
1552 793 1553 796 =

341 865 404 927 den
435 863 537 927 sehon
564 861 701 926 Dareine
719 861 743 925 I.
770 883 847 924 vem
872 860 1032 924 dstliehen
1053 860 1179 924 Nilarm
1207 860 1290 924 nach
1317 860 1380 926 den
1399 859 1513 922 Bitter-

341 992 417 1034 seen
452 968 588 1053 gefdhrt
617 969 782 1032 hatte...
824 967 920 1030 Anch
952 967 1005 1030 dic
1030 967 1250 1051 Anhahnung
1281 966 1426 1031 direkter
1459 966 1513 1029 Be-

341 1077 527 1160 ziehnngen
553 1076 614 1140 mit
638 1074 756 1138 lndien
781 1074 839 1137 hat
864 1073 1101 1158 Philadelphus
1127 1074 1313 1139 versucht.<‹

449 1183 513 1246 Sed
538 1182 580 1246 ad
605 1188 735 1246 nostros
752 1202 869 1246 versus
886 1188 1051 1265 quantum
1078 1182 1147 1246 fieri
1167 1189 1274 1266 potest
1299 1179 1514 1265 explicandos

342 1313 403 1354 nes
427 1297 671 1354 ccrrvertamus

448 1397 519 1460 Iam
556 1403 654 1459 antea
679 1396 737 1478 (vs.
768 1397 894 1459 11-16
919 1401 951 1458 et
975 1397 1119 1479 35-37)
1155 1395 1256 1458 verba
1292 1394 1434 1458 barbara
1466 1415 1514 1457 ec-

343 1511 490 1580 currunt‚
509 1503 632 1587 quihus
649 1502 732 1565 nihil
750 1501 839 1565 aliud
858 1502 1036 1585 significari
1055 1502 1199 1566 iudicavi
1218 1523 1319 1585 quam
1339 1501 1514 1565 hominum
1542 1529 1544 1532 ·

343 1610 687 1696 appropinquantium
706 1608 899 1686 tumultum,
916 1631 1015 1692 quem
1035 1610 1100 1673 iam
1119 1609 1233 1692 augeri
1251 1609 1456 1673 musicorum
1470 1609 1513 1671 in·

344 1724 605 1782 strumentorum
620 1715 758 1799 strepitu
773 1723 920 1800 apparet.
958 1715 1023 1780 Sed
1036 1723 1147 1780 tamen
1167 1716 1236 1779 lieri
1251 1737 1317 1779 nen
1328 1737 1424 1800 posse
1433 1715 1515 1799 quin

344 1826 426 1890 haec
448 1823 665 1888 barbarorum
684 1822 785 1886 verba
803 1843 904 1886 sensu
921 1830 1055 1886 careant
1079 1831 1111 1886 et
1127 1825 1194 1886 siat
1215 1822 1254 1906 of
1266 1845 1309 1886 un
1333 1824 1518 1905 irncpiaurp

344 1938 458 1996 nature
496 1930 564 2015 (Gr.
601 1929 645 1994 H.
677 1951 731 2014 pg.
765 1931 829 2012 43),
866 1929 1076 1993 Sudhausius
1113 1951 1165 1994 me
1201 1929 1305 1993 decet.
1364 1929 1516 1992 Primum

344 2040 433 2104 enim
469 2039 503 2101 in
540 2037 592 2102 his
629 2036 780 2100 versibus
816 2043 939 2100 certam
977 2036 1185 2119 diligentiam
1221 2036 1408 2099 adhibitam
1445 2057 1518 2100 esse

344 2145 508 2222 videmus,
533 2166 609 2208 cum
635 2144 747 2228 plures
771 2143 898 2207 litterae
923 2144 1018 2208 uncis
1043 2144 1109 2206 sint
1126 2143 1283 2207 inclusae.
1332 2143 1459 2206 Deinde
1483 2143 1516 2206 in

345 2275 376 2317 v.
407 2254 534 2316 1311011
561 2251 632 2314 sine
668 2251 795 2314 ratione
828 2258 1011 2314 correctum
1040 2273 1110 2314 csse
1135 2257 1252 2335 potest,
1288 2250 1330 2313 ad
1356 2271 1442 2334 qnae
1466 2250 1518 2314 de·

346 2357 563 2423 monstranda
588 2358 660 2420 illes
684 2378 801 2421 versus
825 2356 891 2420 huc
915 2358 1055 2420 afferam

719 2473 786 2530 Kor'.
813 2470 978 2553 αβορατον

557 2573 997 2659 μαλαλαγαβρουὸιττακοτα

693 2681 795 2745 cedrea

504 2751 507 2756 Ι
558 2767 955 2856 ρασαβΠοόωσαΠραπρου
977 2793 1070 2834 aivva

720 2876 994 2962 alilxpcruavmya

561 2981 579 3067 ll
626 2983 633 3063 l
659 2984 775 3047 ωσαὸω
804 2981 894 3066 llll
921 3010 1071 3070 rectane

454 3125 608 3209 Denique
633 3124 767 3188 alterius
785 3125 926 3190 schedae
944 3125 1055 3189 verbis
1079 3147 1154 3189 cnm
1174 3126 1309 3188 alterius
1326 3127 1519 3210 cnmpcsitis

347 3257 414 3299 non
440 3254 518 3298 casu
543 3232 645 3297 verba
670 3232 790 3295 similia
816 3240 945 3295 exstare
970 3239 1120 3316 possunt.

619 3359 655 3420 ll

562 3470 727 3552 αβορατυν

620 3571 659 3634 12

584 3706 663 3744 κοτα

617 3787 654 3849 31

584 3896 676 3958 laist

618 4001 660 4063 32

585 4108 710 4172 λεανὸα

619 4215 661 4277 39
755 4209 758 4218 ⁴

609 4350 644 4386 αι

586 4419 728 4498 appendi

458 4535 552 4611 Quae
577 4557 653 4599 cum
679 4534 723 4598 ita
749 4535 815 4597 sint
839 4535 898 4598 etsi
917 4534 1064 4597 studium
1091 4535 1190 4599 ctiam
1217 4536 1324 4617 magis
1348 4535 1520 4614 excitatur,

350 4649 463 4710 tamen
489 4663 556 4706 non
578 4641 674 4707 facilc
699 4642 858 4727 cuiquam
880 4639 1059 4726 continget,
1076 4642 1138 4706 hes
1162 4663 1278 4707 versas
1295 4649 1331 4706 ut
1355 4643 1521 4728 explanet.
