3578 5390
759 433 980 496 ,19-

391 629 463 712 Ego
497 629 531 694 in
557 629 709 694 versibus
733 629 866 693 31-34
890 627 1102 692 restituendis
1137 628 1284 692 maxime
1319 627 1456 691 alteram

285 737 473 801 versionem
510 737 650 822 respexi,
687 758 754 821 quo
790 735 889 799 modo
918 757 948 799 v.
975 737 1017 798 30
1053 741 1139 798 recte
1164 735 1357 820 suppletum
1387 758 1457 802 esse

286 844 353 908 iam
379 843 536 908 vidimus

393 949 433 1013 In
457 971 555 1014 versu
580 951 622 1014 33
646 971 664 1014 e
689 970 768 1014 voce
793 947 895 1028 αὐτάς
919 948 1047 1012 elucere
1071 947 1153 1011 mihi
1170 948 1311 1014 ,videtur
1328 951 1459 1014 mulier-

287 1057 439 1121 cularum
474 1057 541 1120 iam
578 1057 685 1142 priore
722 1037 820 1122 uersu
855 1055 1058 1119 mentionem
1094 1056 1220 1119 factam
1248 1075 1319 1120 esse
1349 1058 1401 1141 (cf.
1427 1079 1458 1122 v.

292 1166 352 1228 19ss
376 1165 447 1232 ι’δού
463 1176 519 1231 καὶ
537 1170 571 1229 αἱ
587 1175 739 1246 γυναῖκες
757 1215 763 1227 .
779 1213 807 1225 ..
834 1159 1098 1247 παραγίνονται).
1149 1161 1292 1226 Versum
1315 1163 1460 1249 denique

288 1273 331 1335 34
355 1271 454 1356 plane
479 1291 519 1334 ex
543 1271 645 1334 altera
663 1270 815 1334 versione
840 1289 942 1332 ausus
966 1289 1041 1331 sum
1067 1268 1210 1344 baurire,
1235 1291 1313 1334 cum
1337 1272 1459 1336 mirum

289 1398 360 1442 esse
376 1377 460 1440 mibi
485 1377 654 1442 videretur
671 1377 883 1442 venationem
909 1377 944 1438 in
961 1375 1063 1438 altera
1087 1383 1180 1459 parte
1195 1381 1460 1456 commemorari,

289 1485 322 1548 in
347 1483 449 1548 altera
474 1505 552 1562 non,
581 1505 685 1568 qnam
703 1483 840 1568 quidem
863 1483 1089 1546 coniecturam
1105 1483 1274 1547 infirmam
1298 1507 1369 1550 esse
1395 1508 1460 1551 non

289 1612 386 1674 nege.

398 1696 461 1761 Sed
494 1696 535 1762 ad
561 1703 737 1781 sequentes
762 1717 878 1761 versus
916 1717 974 1758 nos
1010 1703 1254 1775 convertamus,
1291 1699 1349 1782 qui
1385 1721 1462 1764 eum

292 1804 411 1888 integri
436 1804 503 1867 sint
526 1804 647 1880 traditi,
672 1825 739 1866 non
765 1803 810 1867 ite
835 1802 957 1866 multas
982 1802 1196 1867 difficultates
1220 1805 1390 1888 praebent.

399 1909 452 1974 Ad
476 1932 611 1976 versum
646 1912 688 1974 38
727 1910 895 1974 Winterns
931 1913 996 1993 (pg.
1026 1910 1080 1990 46)
1104 1910 1242 1976 adnotat
1271 1912 1371 1990 ‚baud
1396 1915 1463 1978 scio

292 2039 334 2082 an
353 2017 464 2102 pedite
483 2017 639 2102 stupidus
656 2038 835 2102 porcorum
851 2017 935 2080 filias
951 2015 1105 2100 appellet,
1123 2038 1207 2100 quas
1224 2018 1313 2102 ipsas
1329 2042 1464 2105 quoqne

292 2125 480 2188 soluturum
489 2146 523 2189 se
537 2146 607 2188 esse
617 2125 809 2210 promittat.
822 2144 924 2208 qnam
940 2124 1133 2208 opinionem
1149 2132 1322 2209 propterea
1342 2135 1463 2192 rectam

215 2249 216 2254 ’
292 2253 360 2296 non
385 2252 456 2295 esse
481 2239 571 2316 puta,
597 2230 688 2316 quod
712 2231 745 2294 in
772 2251 871 2295 versu
894 2231 938 2294 40
962 2230 1064 2294 verba
1088 2242 1145 2297 καὶ
1170 2226 1271 2301 αὗται
1296 2233 1338 2296 ad
1365 2235 1464 2300 verba

292 2341 459 2426 χοιριδίων
492 2347 671 2427 θιιγαιίρις
707 2338 871 2422 pertinere
901 2337 1081 2401 verisimile
1116 2346 1174 2403 est.
1233 2339 1362 2404 Deinde
1399 2342 1464 2405 iarn

294 2453 392 2508 antea
421 2444 577 2509 mulieres
602 2452 680 2507 sunt
704 2443 1027 2520 commemorandae,
1062 2443 1094 2506 id
1120 2445 1209 2528 quod
1235 2447 1337 2510 verbo
1362 2451 1468 2529 αὐτοῖς

296 2573 361 2616 non
386 2551 466 2615 satis
490 2551 599 2616 lucide
623 2572 819 2636 expressum
843 2571 914 2614 esse
938 2549 1022 2613 mibi
1047 2550 1187 2616 videtur.

402 2660 454 2723 50.
480 2657 667 2722 Obaritium
686 2657 843 2722 barbaros
862 2656 1024 2721 redituros
1042 2678 1112 2721 esse
1130 2680 1196 2722 non
1215 2662 1329 2738 nescit,
1354 2663 1467 2746 itaque

296 2766 403 2850 spatio
428 2765 633 2828 deliberandi
659 2764 746 2839 dato,
773 2772 809 2828 nt
835 2764 913 2828 vino
938 2764 1172 2859 opprimantur
1198 2767 1314 2832 suadet
1339 2777 1370 2832 et
1394 2777 1468 2854 post

298 2894 432 2936 versum
456 2874 498 2936 55
523 2872 676 2958 stupidus
694 2853 755 2937 velv
771 2872 855 2936 alius
873 2870 1012 2955 quidam
1036 2873 1145 2936 socius
1170 2895 1186 2936 e
1209 2895 1328 2938 scaena
1347 2877 1469 2940 recedit

298 2980 367 3044 vini
399 2979 587 3043 arcessendi
612 3000 721 3055 cansa,
759 2979 816 3063 qui
842 2999 919 3041 eum
955 2999 1012 3040 rex
1048 3000 1146 3043 versu
1171 2984 1212 3044 58
1238 2982 1328 3066 loqui
1354 2984 1470 3068 incipit

297 3087 364 3151 iam
390 3086 533 3152 revertit.

404 3193 443 3256 In
481 3214 579 3258 versu
603 3194 645 3257 52
681 3191 826 3256 dubitari
862 3202 971 3279 potest
1006 3201 1119 3258 utrum
1155 3194 1360 3277 significetur
1396 3219 1468 3261 eam

300 3299 470 3382 regionem
488 3300 606 3364 vinum
630 3321 698 3363 non
723 3301 819 3374 ferre,
844 3301 877 3363 id
903 3301 992 3385 qnod
1015 3301 1182 3366 Winterns
1204 3310 1300 3387 putat
1322 3307 1387 3388 (pg.
1406 3307 1469 3388 25),

300 3408 354 3490 (cf.
379 3407 475 3470 Kock
499 3408 562 3492 frg.
589 3429 643 3491 pg.
657 3409 715 3490 ,35)
740 3429 782 3470 an
809 3408 966 3490 religione
991 3409 1131 3472 vetitum
1155 3409 1196 3472 sit
1213 3408 1332 3473 vinnm
1350 3411 1470 3488 bibere,

301 3536 403 3600 quem
438 3535 575 3578 sensum
605 3535 666 3597 ego
700 3513 938 3578 Britannorum
963 3494 1197 3580 emendatione
1228 3515 1471 3602 (ἀπειθοῦντες)

301 3629 489 3686 commotus
525 3629 643 3685 statuo,
702 3621 809 3685 Crusii
847 3631 960 3686 antem
995 3622 1125 3712 ἄαιιραι
1156 3619 1247 3702 ὄντες
1276 3626 1381 3688 teneri
1405 3648 1471 3689 non

302 3737 419 3813 potest,
444 3749 520 3791 oum
546 3728 579 3791 in
605 3727 657 3791 his
683 3729 793 3792 verbis
818 3729 924 3793 littera
950 3739 986 3800 3,
1012 3730 1053 3794 de
1077 3731 1172 3794 cuins
1190 3730 1329 3795 lectione
1347 3733 1472 3816 ambigi

304 3857 370 3898 non
396 3842 512 3920 potest,
539 3856 606 3898 non
632 3843 747 3899 exstet.

411 3941 462 4004 Ad
503 3962 618 4006 versus
653 3943 696 4006 53
732 3950 763 4006 et
798 3946 842 4007 54
870 3945 1021 4022 afferam,
1058 3966 1144 4029 quae
1180 3945 1214 4008 in
1250 3944 1412 4010 Drosillae
1444 3955 1475 4010 et

305 4045 464 4111 Obarielis
488 4047 587 4112 rebus
611 4049 773 4130 legimus:

465 4171 480 4234 Ι
508 4174 568 4236 162
591 4170 627 4239 ed
652 4172 827 4263 βάρβαρον
850 4172 942 4256 φύσει
966 4177 1029 4264 γάρ
1053 4177 1196 4266 ίγχαίριι
1219 4184 1355 4262 μέθαις,

594 4282 682 4366 φιλεῖ
703 4283 738 4347 δὲ
762 4299 897 4371 τρυφαῖς
921 4283 1114 4348 ἐκδίδοσθαι
1140 4292 1196 4349 καὶ
1220 4281 1342 4360 πότοις,

229 4451 234 4460 .
306 4425 367 4468 noc
391 4403 473 4468 alios
498 4403 646 4488 ipsorum
672 4427 743 4468 esse
765 4405 925 4469 indorum
947 4429 1056 4470 mores
1081 4430 1141 4471 nos
1165 4407 1260 4470 docet
1286 4407 1477 4473 Athenaeus

307 4515 396 4575 43ῖο
432 4511 531 4596 ἔθηκε
568 4515 607 4577 de‘
640 4514 881 4598 (Ἀλίξαιιόρος),
917 4529 996 4601 cccl
1029 4513 1173 4603 (Χάρης),
1210 4528 1265 4581 καὶ
1302 4518 1368 4581 δια
1405 4519 1479 4603 τήν

308 4621 540 4697 φιλοινίαν
579 4624 663 4688 τῶν
701 4621 850 4688 Ἰνδῶν
888 4634 943 4688 καὶ
980 4625 1321 4711 ἀκρατοποσίας
1362 4617 1477 4706 cirtica

1233 4709 1264 4764 2·
