3578 5390
846 433 1045 496 ..4-

626 629 672 695 τί
761 659 803 684 =
828 641 1052 715 τυμπανισμοὶ
1078 641 1175 696 πέντε
1200 626 1265 716 (87)

540 807 559 870 ἕ
594 809 613 872 τ
644 789 800 874 avani-2·-
825 803 1054 892 τυμπανισμός
1078 807 1320 886 οἷτάπαιστικός
1344 809 1436 892 (57).)

617 937 717 1000 κροασ
759 945 801 967 =-
825 914 953 1002 κροῦσις
977 912 1041 998 (32)

618 1023 702 1110 πορό
758 1052 800 1074 =
824 1019 930 1108 πορδή
955 1021 1018 1106 (39,
1044 1022 1096 1098 93,
1122 1020 1197 1104 211)

537 1127 699 1239 41vel]
755 1159 798 1212 ς
821 1129 967 1216 κρόταλα

537 1256 554 1264 -
573 1252 661 1341 :-
755 1283 798 1307 =
822 1253 967 1343 κρόταλα
991 1264 1048 1319 καὶ
1071 1254 1170 1332 αὐλός
1193 1254 1257 1336 (39,
1282 1254 1334 1330 8¹³
1360 1254 1411 1328 82²
1437 1253 1491 1337 87)

467 1395 517 1460 De
554 1396 658 1480 signis
694 1415 780 1479 quae
805 1394 867 1458 viri
902 1394 989 1458 docti
1013 1394 1242 1458 disseruerunt
1276 1395 1310 1458 in
1337 1395 1531 1459 universum

360 1524 436 1566 cum
463 1509 549 1566 recta
574 1523 645 1566 esse
674 1522 839 1578 censeam,
866 1521 1032 1585 perpauca
1068 1497 1199 1564 tanturn
1235 1500 1316 1564 mihi
1342 1500 1532 1565 adnotanda

360 1617 447 1674 sunt.
500 1610 527 1692 1)
552 1607 721 1673 Winterus
757 1608 843 1692 (pag.
869 1607 923 1692 36)
957 1607 1083 1670 iudicat
1115 1607 1231 1671 litteris
1260 1615 1333 1682 :et
1359 1612 1376 1686 ζ
1399 1606 1531 1670 easdem

360 1736 520 1799 personas
550 1715 717 1798 designari
742 1721 773 1777 et
798 1735 913 1779 versae
930 1713 1071 1777 schedae
1094 1709 1319 1804 recensionem
1339 1714 1412 1777 ideo
1428 1713 1533 1778 videri

360 1825 484 1885 tactam
502 1843 583 1897 esse,
601 1829 637 1885 ut
653 1842 848 1906 personae<
864 1828 974 1904 partes
996 1821 1280 1904 amplificarentur
1296 1842 1373 1904 pgg.
1391 1820 1532 1886 30—38.

362 1928 471 2004 Quam
497 1929 697 1992 sententiam
728 1927 935 2012 probabilem
961 1948 1026 1990 uon
1053 1948 1124 1991 esse
1148 1927 1216 1990 iam
1253 1928 1452 1991 videbimus
1490 1929 1532 1990 cf.

361 2057 414 2118 pg.
440 2037 482 2099 28
499 2057 564 2119 ssq.
603 2035 665 2099 Sed
692 2057 774 2099 num
799 2034 889 2099 idern
914 2033 954 2097 de
980 2035 1075 2116 signo
1100 2064 1119 2108 ς
1149 2042 1235 2098 recte
1264 2033 1455 2098 disseruerit
1479 2035 1488 2117 (
1509 2034 1532 2096 f.

361 2140 606 2220 Gardthausen,
625 2141 839 2205 Griechische
857 2122 1098 2224 Palaographie
1113 2142 1173 2204 187
1178 2142 1197 2204 9
1214 2162 1246 2224 p.
1265 2140 1340 2220 265)
1365 2141 1534 2205 diudicare

361 2270 427 2311 non
453 2248 570 2311 audeo.
627 2247 764 2311 Crusius
800 2254 896 2331 putat
931 2267 1090 2330 personas
1126 2247 1242 2310 litteris
1275 2256 1306 2312 Z
1327 2255 1401 2322 et:
1436 2248 1534 2330 signi-

360 2355 474 2418 ficatas
509 2375 580 2418 esse
616 2353 871 2430 semibarbaros
908 2353 964 2416 sed
1000 2353 1083 2416 haec
1114 2374 1248 2437 qnoque
1277 2355 1442 2417 sententia
1466 2375 1533 2416 non

360 2469 452 2524 extra
483 2460 727 2525 dubitationem
754 2459 860 2544 posita
896 2466 954 2523 est.
991 2461 1033 2524 ci.
1064 2481 1118 2544 pg.
1143 2461 1196 2524 52.
1255 2459 1350 2544 2)111
1383 2468 1460 2523 nota
1486 2489 1534 2526 κοι

360 2567 533 2632 tractanda
557 2589 784 2631 commemoro
811 2568 957 2650 primum
976 2567 1175 2632 Wesseliurn
1202 2567 1264 2630 hoc
1289 2567 1423 2650 signum
1449 2575 1534 2630 recte

361 2675 615 2758 interpretatum
653 2695 724 2737 esse
760 2673 865 2737 videri
902 2672 955 2757 (ct‘.
982 2673 1150 2736 Deuksch.
1176 2673 1206 2735 d.
1232 2672 1368 2737 Wiener
1395 2673 1455 2736 ak.
1480 2675 1533 2750 36,

366 2782 466 2845 1888:
492 2780 706 2844 Griechische
730 2779 1010 2864 Zauherpapyrus
1032 2801 1097 2844 von
1123 2779 1216 2843 Paris
1241 2800 1271 2842 u.
1302 2779 1453 2854 London,
1479 2801 1532 2864 pg.

361 2888 515 2970 aretae)
532 2895 565 2950 et
580 2887 682 2952 velim
698 2887 851 2950 conferas
869 2907 956 2970 quae
974 2885 1014 2948 de
1031 2885 1149 2949 eodem
1162 2886 1360 2984 compendio
1378 2887 1535 2950 Ktihnert

361 2993 411 3078 (R.
437 2993 481 3057 M.
510 2995 595 3057 1894
618 3015 672 3078 pg.
699 2993 752 3077 52)
776 2993 939 3076 exposuit.

467 3134 499 3221 3)
523 3135 623 3200 Vocis
648 3157 784 3202 evaneo
805 3134 942 3197 aiteram
968 3133 987 3197 l.
1013 3163 1034 3198 α
1060 3155 1128 3196 nou
1158 3135 1296 3218 agnovi3
1322 3143 1469 3200 ceterum
1494 3135 1534 3199 de

361 3241 477 3306 litteris
502 3265 567 3309 nso
587 3242 618 3326 (l.
645 3250 735 3307 uest
771 3241 1006 3325 superscripta)
1041 3240 1187 3304 dubitari
1212 3263 1278 3304 non
1313 3251 1430 3326 potest,
1468 3263 1534 3326 quo

362 3351 457 3432 signo
503 3349 684 3431 significari
729 3349 961 3434 τυμπανισμόν
1009 3349 1257 3414 ἀναπαιστικόν
1303 3356 1334 3411 et
1382 3349 1535 3412 Britanni

362 3457 426 3540 (pg.
452 3459 506 3536 54)
542 3464 573 3519 et
601 3455 740 3518 Orusius
776 3457 863 3539 (104)
898 3463 929 3518 et
954 3455 1125 3518 Winterus
1160 3453 1201 3540 (7,
1216 3457 1271 3540 40)
1308 3457 1532 3520 consentiunt.

363 3561 460 3637 Quod
486 3563 513 3625 si
538 3570 624 3625 recte
649 3561 832 3625 iudicatum
869 3576 926 3637 est,
963 3583 1023 3646 pro
1048 3583 1107 3626 αισ
1135 3562 1297 3645 scriptum
1328 3571 1377 3626 est
1407 3586 1449 3629 so.
1491 3564 1532 3626 ct’.

362 3668 506 3751 Mayseri
523 3667 663 3732 librum:
681 3667 903 3750 (Grammatik
922 3668 980 3731 der
996 3668 1227 3750 griechischen
1245 3668 1366 3753 Papyri
1391 3691 1452 3732 aus
1477 3669 1535 3732 der

363 3774 622 3852 Ptolemaemeit,
658 3774 794 3858 Leipzig
832 3778 938 3857 1303),
970 3775 1027 3858 qui
1057 3795 1111 3858 pg.
1139 3777 1198 3838 107
1237 3777 1391 3860 exempla
1426 3778 1533 3841 affert.

362 3881 426 3945 Sed
451 3881 491 3945 de
515 3882 683 3946 vocalium
707 3882 892 3945 mutatione
910 3883 977 3944 iam
1000 3889 1115 3965 postea
1133 3882 1292 3945 nonnulla
1320 3883 1420 3946 verha
1438 3891 1535 3947 erunt

361 3988 525 4052 facienda.
573 3987 636 4072 (vei
661 4011 795 4055 araneo
816 4019 858 4043 ε
883 3991 948 4055 ἀντὶ
975 3989 1138 4073 πέ(ντε)ἶ))

1077 4128 1114 4148 υ

468 4133 500 4210 4)
524 4129 573 4194 De
598 4130 649 4193 his
674 4130 806 4194 duobus
835 4131 938 4213 signis
963 4129 1016 4217 (ζ
1030 4139 1061 4194 et
1077 4196 1114 4218 Α
1140 4132 1200 4212 ῚΔ-)’)
1240 4154 1326 4216 quac
1365 4133 1533 4198 Wintcrus

469 4448 490 4515 ¹)
510 4447 622 4501 (husius
642 4449 690 4502 has
709 4456 833 4503 notarum
854 4451 1049 4517 explicationes
1069 4451 1102 4504 ad
1123 4455 1155 4517 ζ
1176 4452 1283 4505 scribit:

577 4539 607 4558 υ
663 4563 698 4580 =
716 4556 801 4606 pausa
820 4540 961 4606 loqueudi;
983 4542 1098 4593 actionis
1119 4543 1289 4608 musicaeque
1310 4542 1420 4594 initium

613 4657 644 4664 —
664 4651 699 4669 =
717 4644 802 4696 pausa
821 4628 915 4682 maior.

575 4584 608 4605 A

577 4629 608 4647 v

575 4673 609 4695 Α
