3578 5390
815 409 947 502 ,18
994 474 1037 486 ..

342 637 361 701 8
386 643 418 700 ct
441 636 484 700 30
508 657 561 698 me
580 633 773 720 respexisse,
798 634 925 719 quippe
942 634 999 719 qni
1017 634 1050 697 in
1069 633 1185 698 eadem
1204 633 1306 697 verba
1324 633 1514 697 desinerent

341 743 500 833 (ἀργυρᾶν
534 766 568 808 σε
604 744 810 830 ποιήσας-
841 770 882 829 ην
907 766 964 808 σου
997 743 1145 827 ποιήσας,
1183 743 1458 831 λελυμένῳ-μω)
1483 750 1515 804 et

343 871 501 914 versuum
532 852 572 914 27
599 858 630 913 et
661 851 702 913 28
727 870 863 913 sensum
895 850 1020 912 firmari
1051 870 1149 914 versu
1183 852 1227 912 411
1252 850 1319 935 (καὶ
1344 843 1444 916 αὗται
1470 856 1514 926 εἰς

341 956 400 1025 cdv
426 960 595 1042 rrttttnxov
619 953 822 1042 πεφεύγασι).

448 1063 531 1128 Inde
555 1085 573 1126 a
598 1084 696 1128 versu
721 1065 765 1127 30
788 1063 943 1148 stupidus
974 1062 1097 1146 gaudio
1133 1063 1238 1126 elatus
1274 1062 1316 1126 ad
1350 1062 1512 1147 templum

342 1193 377 1235 se
394 1171 558 1234 convertit
575 1178 606 1234 et
619 1169 805 1234 Olraritium
820 1170 982 1246 bortatur,
1000 1177 1037 1233 ut
1054 1170 1094 1233 de
1111 1169 1217 1234 salute
1234 1191 1346 1234 secum
1365 1169 1513 1233 laetetur.

340 1280 453 1362 ,Atque
489 1277 627 1341 Ornsins
663 1277 798 1362 quidem
835 1277 927 1341 hunc
962 1298 1096 1341 versum
1134 1278 1273 1340 fratrem
1311 1298 1339 1354 ,a
1364 1275 1515 1340 barbaris

342 1394 477 1470 captum
503 1392 535 1449 et
550 1385 675 1469 templo
692 1385 868 1449 inclusum*
895 1385 1088 1469 loquentem
1111 1385 1201 1448 facit.
1250 1383 1312 1448 Sed
1331 1405 1398 1468 quc
1415 1383 1515 1446 modo

342 1493 412 1556 lieri
439 1499 577 1577 poterat,
603 1500 640 1556 ut
663 1495 766 1556 irater
790 1514 824 1556 se
849 1513 920 1555 esse
944 1491 1120 1556 liberatum
1147 1492 1357 1567 exclamaret,
1383 1512 1449 1576 qua
1474 1490 1515 1553 de

343 1621 378 1665 re
402 1600 484 1663 nilril
510 1599 763 1684 comperimus?
815 1599 891 1663 Solo
916 1600 1004 1662 enim
1031 1599 1157 1684 stupidi
1181 1599 1327 1664 adventu
1363 1597 1512 1661 nondum

344 1715 413 1770 erat
438 1714 589 1770 servatus
618 1727 728 1791 neque
760 1706 899 1770 verbum
926 1709 1090 1797 λελυμένῳ
1114 1706 1224 1790 eloqui
1249 1703 1388 1790 poterat.
1447 1704 1516 1768 Nec

345 1813 451 1894 magis
477 1813 617 1878 Winteri
643 1813 744 1877 verba
768 1812 833 1898 (pg.
859 1814 913 1895 cto)
940 1813 1064 1900 ,eodem
1092 1813 1191 1877 modo
1226 1820 1394 1898 praeterea
1420 1843 1439 1886 ς
1462 1812 1514 1875 vel

345 1925 426 1999 §ex
463 1920 608 1984 hostium
642 1920 799 1984 manibus
825 1920 993 1984 liberatur*
1026 1920 1198 2004 probanda
1234 1919 1399 1984 videntur.
1456 1918 1514 1982 Sin

344 2035 455 2091 autem
474 2026 629 2091 Crusium
648 2027 830 2112 sequimur,
849 2027 1079 2112 quaerendum
1106 2035 1163 2104 est,
1190 2026 1271 2112 qnid
1289 2027 1378 2111 prior
1395 2047 1515 2090 scaena

347 2135 409 2199 sibi
428 2135 515 2211 velit,
534 2156 610 2198 cum
629 2135 868 2198 sententiarum
887 2135 969 2198 ratio
988 2134 1101 2199 deesse
1119 2135 1202 2198 mibi
1220 2134 1382 2199 videatur.
1421 2133 1515 2209 Qtrae

345 2241 447 2307 verba
476 2242 503 2306 si
531 2241 665 2325 stupido
690 2241 830 2315 dederis,
853 2263 969 2306 omnes
992 2242 1207 2306 difficultates
1231 2249 1329 2305 erunt
1354 2241 1514 2304 sublatae.

450 2365 604 2431 Ceterum
631 2388 696 2430 non
720 2366 895 2442 babemus,
920 2386 979 2430 cur
1003 2367 1035 2429 in
1054 2366 1117 2430 hoc
1134 2387 1232 2430 versu
1249 2364 1415 2450 explendo
1438 2387 1514 2429 cum

345 2474 462 2538 Orusio
486 2475 608 2539 vocem‘
628 2481 731 2562 Κυρία
757 2473 963 2549 omittamus,
989 2495 1065 2537 cum
1091 2480 1121 2537 et
1146 2495 1245 2537 versu
1269 2473 1427 2558 parallelo
1455 2475 1516 2536 188
1599 2505 1602 2512 =

345 2582 473 2663 legatur
497 2594 591 2666 mpla
617 2588 648 2644 et
673 2581 706 2645 in
732 2602 779 2645 vs.
805 2582 847 2642 ta
873 2580 1058 2643 Clraritium
1084 2593 1178 2668 κυρία
1204 2587 1348 2644 vocetur.

454 2705 517 2769 Sed
543 2705 584 2769 ad
609 2712 805 2790 sequentem
831 2726 965 2769 versum
984 2705 1272 2790 interpretandum
1299 2727 1359 2768 nos
1385 2705 1517 2787 longius

347 2821 492 2898 repetere
532 2833 665 2876 necesse
690 2819 747 2876 est.
796 2811 971 2876 Scaenicas
1006 2834 1056 2877 res
1093 2815 1119 2876 si
1151 2813 1196 2876 ita
1221 2833 1291 2876 esse
1327 2813 1517 2888 statuimus

346 2928 382 2984 ut
406 2919 569 3004 templum
595 2919 636 2983 ad
668 2940 759 2983 mare
789 2920 831 2983 sit
854 2921 954 2983 situm
990 2921 1025 2984 in
1051 2920 1167 2984 acclivi
1192 2920 1284 2998 colle,
1320 2919 1410 2982 unde
1434 2919 1518 2983 liber

346 3028 388 3091 sit
401 3033 432 3090 et
448 3026 489 3090 ad
507 3047 598 3090 mare
616 3034 647 3091 et
663 3026 704 3090 ad
723 3034 845 3091 terram
859 3034 1053 3112 prospectus
1067 3048 1205 3091 scaenae
1220 3026 1514 3091 commutationem

346 3133 415 3198 fieri
441 3155 507 3197 non
533 3142 668 3219 opertet.
729 3133 846 3198 Graeci
882 3135 972 3198 enim
1009 3155 1076 3197 non
1116 3135 1230 3219 procul
1263 3155 1282 3197 a
1319 3132 1444 3218 templo
1475 3132 1516 3196 ad

347 3261 485 3305 ancoras
522 3241 717 3305 consistunt.
781 3241 898 3326 ltaque
936 3263 1022 3326 quae
1047 3249 1124 3305 ante
1148 3242 1310 3326 templum
1349 3248 1517 3324 gerantur,

346 3348 471 3433 optime
495 3348 683 3432 prospicere
712 3356 862 3432 possunt.
917 3348 1027 3424 Quam
1054 3349 1095 3411 ob
1121 3369 1189 3412 rem
1219 3348 1369 3412 barbaris
1393 3349 1518 3430 fugatis

346 3455 379 3532 ii,
405 3454 462 3539 qui
488 3454 522 3517 in
549 3475 634 3518 nave
664 3462 903 3531 remanserant,
941 3456 974 3518 in
1011 3464 1132 3519 terram
1167 3455 1344 3522 escendere
1379 3456 1451 3518 ausi
1475 3454 1516 3516 ad

316 3568 319 3574 '
347 3561 512 3646 templum
547 3561 696 3625 veniunt.
760 3561 883 3646 Aliquo
923 3563 1013 3626 enim
1052 3562 1152 3626 modo
1187 3561 1251 3626 hae
1286 3583 1447 3646 personae
1482 3561 1518 3623 in

348 3689 504 3733 scaenam
528 3675 607 3731 sunt
631 3667 812 3744 ducendae,
837 3669 870 3732 id
895 3669 985 3753 quod
1010 3670 1072 3733 hoc
1097 3668 1196 3732 modo
1221 3691 1287 3732 non
1313 3670 1423 3753 inepte
1447 3668 1517 3731 fieri

348 3774 454 3839 credo.
517 3773 556 3836 In
582 3774 634 3838 his
658 3783 707 3838 est
731 3774 868 3838 Clraritii
892 3778 1004 3851 irater,
1042 3777 1099 3859 qni
1134 3797 1192 3839 cur
1228 3797 1293 3839 non
1330 3775 1459 3860 primus
1483 3775 1517 3837 in

348 3890 471 3946 terram
496 3901 690 3966 progressus
715 3881 766 3956 sit,
792 3903 858 3944 non
884 3882 1119 3966 comperimus.
1168 3882 1199 3946 Is
1224 3889 1334 3946 autem
1361 3882 1469 3945 littera
1495 3889 1523 3946 Γ

349 3988 554 4071 significatus
580 4009 677 4051 versu
702 3989 742 4052 31
761 3988 918 4074 loquitur.

455 4095 530 4159 Hoc
553 4095 586 4158 in
606 4116 703 4159 versu
722 4095 859 4160 Orosius
883 4096 1014 4180 scripsit
1036 4095 1130 4163 lolia
1153 4099 1300 4186 βα1ρέως,
1327 4097 1416 4182 quod
1437 4097 1518 4160 mibi

350 4226 415 4268 non
441 4202 558 4287 placet,
583 4223 661 4265 cum
696 4203 777 4268 nibil
813 4203 973 4267 interesse
1007 4212 1131 4287 putem,
1166 4226 1209 4266 an
1241 4205 1395 4288 stupidus
1420 4225 1518 4267 rauca

349 4331 430 4376 voce
461 4310 618 4393 loquatur
649 4331 762 4373 necne.
821 4309 985 4394 (Ceterum
1019 4313 1058 4373 cl',
1091 4312 1099 4372 l
1126 4313 1188 4375 257
1218 4310 1517 4400 βαρίωςε1111111).

351 4417 448 4494 Quod
474 4417 499 4479 si
525 4417 637 4480 fratris
662 4417 714 4480 vel
747 4417 922 4501 utriusque
947 4418 1128 4494 interesset,
1161 4418 1316 4502 stupidus
1340 4417 1519 4480 summissa

351 4545 430 4590 voce
459 4523 549 4608 loqui
582 4523 733 4600 debebat,
760 4546 861 4608 quem
886 4546 1020 4588 sensnm
1048 4547 1077 4588 v.
1103 4531 1231 4614 βαρέως
1256 4547 1321 4588 non
1347 4524 1448 4587 lrabct
1476 4527 1518 4588 cl'.

350 4633 407 4698 Ar.
432 4631 512 4696 nub.
538 4653 568 4695 v.
595 4634 668 4697 716.
